day,timestamp,product,bid_price_1,bid_volume_1,bid_price_2,bid_volume_2,bid_price_3,bid_volume_3,ask_price_1,ask_volume_1,ask_price_2,ask_volume_2,ask_price_3,ask_volume_3,mid_price,profit_and_loss,price_diff,price_diff_pct,future_diff
-2,0,TOMATOES,4993,7,4992,17,,,5007,7,5008,17,,,5000.0,0.0,,,6.0
-1,0,TOMATOES,4999,5,4998,15,,,5013,5,5014,15,,,5006.0,0.0,6.0,0.0012000000000000899,0.5
-1,100,TOMATOES,5000,8,4998,21,,,5013,8,5014,21,,,5006.5,0.0,0.5,9.988014382744659e-05,-4.0
-2,100,TOMATOES,4998,5,4993,7,4992.0,16.0,5007,7,5008,16,,,5002.5,0.0,-4.0,-0.000798961350244709,-1.5
-2,200,TOMATOES,4994,6,4993,20,,,5008,6,5009,20,,,5001.0,0.0,-1.5,-0.00029985007496247107,5.5
-1,200,TOMATOES,5000,10,4999,20,,,5013,10,5015,20,,,5006.5,0.0,5.5,0.0010997800439911387,-5.0
-2,300,TOMATOES,4995,5,4993,21,,,5008,5,5009,21,,,5001.5,0.0,-5.0,-0.000998701687805803,5.5
-1,300,TOMATOES,5000,9,4999,21,,,5014,9,5015,21,,,5007.0,0.0,5.5,0.0010996700989702735,-5.5
-2,400,TOMATOES,4995,8,4993,20,,,5008,8,5009,20,,,5001.5,0.0,-5.5,-0.001098462152985813,5.5
-1,400,TOMATOES,5000,5,4999,20,,,5014,5,5015,20,,,5007.0,0.0,5.5,0.0010996700989702735,0.0
-1,500,TOMATOES,5000,6,4999,25,,,5014,6,5015,25,,,5007.0,0.0,0.0,0.0,-6.0
-2,500,TOMATOES,4994,6,4993,16,,,5008,6,5009,16,,,5001.0,0.0,-6.0,-0.0011983223487117556,8.5
-1,600,TOMATOES,5005,5,5000,8,4999.0,25.0,5014,8,5015,25,,,5009.5,0.0,8.5,0.001699660067986386,-9.0
-2,600,TOMATOES,4994,9,4992,16,,,5007,9,5008,16,,,5000.5,0.0,-9.0,-0.001796586485677265,6.5
-1,700,TOMATOES,5000,10,4999,18,,,5014,10,5015,18,,,5007.0,0.0,6.5,0.001299870012998694,-7.0
-2,700,TOMATOES,4993,5,4992,17,,,5007,5,5008,17,,,5000.0,0.0,-7.0,-0.0013980427401637519,6.5
-1,800,TOMATOES,5000,8,4998,15,,,5013,8,5014,15,,,5006.5,0.0,6.5,0.0013000000000000789,-6.5
-2,800,TOMATOES,4993,6,4992,23,,,5007,6,5008,23,,,5000.0,0.0,-6.5,-0.001298312194147555,6.5
-1,900,TOMATOES,5000,6,4998,23,,,5013,6,5015,23,,,5006.5,0.0,6.5,0.0013000000000000789,-5.5
-2,900,TOMATOES,4994,5,4993,24,,,5008,5,5009,24,,,5001.0,0.0,-5.5,-0.001098571856586461,6.0
-1,1000,TOMATOES,5000,7,4999,22,,,5014,7,5015,22,,,5007.0,0.0,6.0,0.0011997600479904946,-6.5
-2,1000,TOMATOES,4994,10,4992,24,,,5007,10,5008,24,,,5000.5,0.0,-6.5,-0.0012981825444378092,9.5
-1,1100,TOMATOES,5007,8,5000,5,4999.0,17.0,5013,5,5015,17,,,5010.0,0.0,9.5,0.0018998100189981937,-10.0
-2,1100,TOMATOES,4993,10,4992,21,,,5007,10,5008,21,,,5000.0,0.0,-10.0,-0.001996007984031989,0.5
-2,1200,TOMATOES,4994,7,4992,21,,,5007,7,5008,21,,,5000.5,0.0,0.5,9.999999999998899e-05,6.5
-1,1200,TOMATOES,5000,6,4999,16,,,5014,6,5015,16,,,5007.0,0.0,6.5,0.001299870012998694,-4.0
-2,1300,TOMATOES,4999,3,4993,9,4992.0,16.0,5007,9,5008,16,,,5003.0,0.0,-4.0,-0.0007988815658078741,4.5
-1,1300,TOMATOES,5001,9,5000,25,,,5014,9,5016,25,,,5007.5,0.0,4.5,0.000899460323805723,-8.5
-2,1400,TOMATOES,4992,9,4991,18,,,5006,9,5007,18,,,4999.0,0.0,-8.5,-0.0016974538192711108,8.0
-1,1400,TOMATOES,5000,9,4999,19,,,5014,9,5015,19,,,5007.0,0.0,8.0,0.0016003200640128945,4.0
-1,1500,TOMATOES,5008,8,5000,7,4999.0,21.0,5014,7,5015,21,,,5011.0,0.0,4.0,0.000798881565807763,-12.0
-2,1500,TOMATOES,4992,9,4991,23,,,5006,9,5007,23,,,4999.0,0.0,-12.0,-0.0023947315905008537,0.0
-2,1600,TOMATOES,4992,10,4991,24,,,5006,10,5007,24,,,4999.0,0.0,0.0,0.0,8.5
-1,1600,TOMATOES,5001,6,4999,19,,,5014,6,5015,19,,,5007.5,0.0,8.5,0.0017003400680135616,-8.0
-2,1700,TOMATOES,4993,5,4992,18,,,5006,5,5008,18,,,4999.5,0.0,-8.0,-0.0015976035946080325,7.5
-1,1700,TOMATOES,5000,5,4999,15,,,5014,5,5015,15,,,5007.0,0.0,7.5,0.001500150015001589,-7.5
-2,1800,TOMATOES,4993,7,4991,23,,,5006,7,5007,23,,,4999.5,0.0,-7.5,-0.0014979029358898055,7.0
-1,1800,TOMATOES,5000,8,4998,17,,,5013,8,5014,17,,,5006.5,0.0,7.0,0.0014001400140013498,-8.0
-2,1900,TOMATOES,4992,7,4991,17,,,5005,7,5007,17,,,4998.5,0.0,-8.0,-0.001597922700489418,8.0
-1,1900,TOMATOES,5000,10,4999,20,,,5013,10,5015,20,,,5006.5,0.0,8.0,0.001600480144043237,-8.0
-2,2000,TOMATOES,4992,10,4990,17,,,5005,10,5006,17,,,4998.5,0.0,-8.0,-0.001597922700489418,7.5
-1,2000,TOMATOES,4999,5,4998,18,,,5013,5,5014,18,,,5006.0,0.0,7.5,0.0015004501350404098,-0.5
-1,2100,TOMATOES,4999,10,4997,20,,,5012,10,5013,20,,,5005.5,0.0,-0.5,-9.988014382744659e-05,-7.5
-2,2100,TOMATOES,4991,10,4990,20,,,5005,10,5006,20,,,4998.0,0.0,-7.5,-0.0014983518130057272,-0.5
-2,2200,TOMATOES,4991,5,4989,19,,,5004,5,5005,19,,,4997.5,0.0,-0.5,-0.00010004001600638635,6.5
-1,2200,TOMATOES,4997,7,4996,15,,,5011,7,5012,15,,,5004.0,0.0,6.5,0.0013006503251626889,-0.5
-1,2300,TOMATOES,4997,9,4995,21,,,5010,9,5011,21,,,5003.5,0.0,-0.5,-9.992006394887731e-05,-6.0
-2,2300,TOMATOES,4991,7,4989,22,,,5004,7,5005,22,,,4997.5,0.0,-6.0,-0.0011991605875887323,0.0
-2,2400,TOMATOES,4991,7,4989,18,,,5004,7,5005,18,,,4997.5,0.0,0.0,0.0,5.5
-1,2400,TOMATOES,4996,7,4995,21,,,5010,7,5011,21,,,5003.0,0.0,5.5,0.0011005502751375573,-6.5
-2,2500,TOMATOES,4990,9,4989,18,,,5003,9,5005,18,,,4996.5,0.0,-6.5,-0.001299220467719353,6.0
-1,2500,TOMATOES,4996,6,4995,24,,,5009,6,5011,24,,,5002.5,0.0,6.0,0.0012008405884118556,-6.0
-2,2600,TOMATOES,4990,8,4988,15,,,5003,8,5004,15,,,4996.5,0.0,-6.0,-0.0011994002998501063,6.0
-1,2600,TOMATOES,4996,7,4995,19,,,5009,7,5011,19,,,5002.5,0.0,6.0,0.0012008405884118556,1.0
-1,2700,TOMATOES,4997,10,4995,24,,,5010,10,5011,24,,,5003.5,0.0,1.0,0.00019990004997505473,-7.0
-2,2700,TOMATOES,4990,5,4989,16,,,5003,5,5005,16,,,4996.5,0.0,-7.0,-0.0013990206855201137,7.5
-1,2800,TOMATOES,4997,5,4996,15,,,5011,5,5012,15,,,5004.0,0.0,7.5,0.001501050735514875,-8.5
-2,2800,TOMATOES,4989,8,4988,21,,,5002,8,5004,21,,,4995.5,0.0,-8.5,-0.0016986410871302482,1.0
-2,2900,TOMATOES,4990,10,4988,21,,,5003,10,5004,21,,,4996.5,0.0,1.0,0.00020018016214584655,7.5
-1,2900,TOMATOES,4997,10,4996,24,,,5011,10,5012,24,,,5004.0,0.0,7.5,0.001501050735514875,-1.0
-1,3000,TOMATOES,4996,6,4995,18,,,5010,6,5011,18,,,5003.0,0.0,-1.0,-0.0001998401278976436,-7.0
-2,3000,TOMATOES,4989,5,4988,19,,,5003,5,5004,19,,,4996.0,0.0,-7.0,-0.001399160503697816,7.0
-1,3100,TOMATOES,4996,7,4995,18,,,5010,7,5011,18,,,5003.0,0.0,7.0,0.0014011208967172895,-7.5
-2,3100,TOMATOES,4989,7,4988,19,,,5002,7,5004,19,,,4995.5,0.0,-7.5,-0.001499100539676168,-0.5
-2,3200,TOMATOES,4988,7,4987,22,,,5002,7,5003,22,,,4995.0,0.0,-0.5,-0.00010009008107292328,7.5
-1,3200,TOMATOES,4996,6,4995,16,,,5009,6,5011,16,,,5002.5,0.0,7.5,0.0015015015015014122,0.5
-1,3300,TOMATOES,4996,9,4995,23,,,5010,9,5011,23,,,5003.0,0.0,0.5,9.995002498741634e-05,-12.5
-2,3300,TOMATOES,4988,10,4987,19,,,4993,11,5001,10,5003.0,19.0,4990.5,0.0,-12.5,-0.002498500899460354,12.0
-1,3400,TOMATOES,4996,10,4994,17,,,5009,10,5011,17,,,5002.5,0.0,12.0,0.002404568680492991,-8.0
-2,3400,TOMATOES,4988,10,4986,21,,,5001,10,5002,21,,,4994.5,0.0,-8.0,-0.0015992003998001048,7.0
-1,3500,TOMATOES,4995,6,4993,17,,,5008,6,5009,17,,,5001.5,0.0,7.0,0.0014015416958654825,-7.0
-2,3500,TOMATOES,4988,7,4986,23,,,5001,7,5002,23,,,4994.5,0.0,-7.0,-0.0013995801259621965,7.0
-1,3600,TOMATOES,4995,7,4993,21,,,5008,7,5009,21,,,5001.5,0.0,7.0,0.0014015416958654825,-6.5
-2,3600,TOMATOES,4988,7,4987,19,,,5002,7,5003,19,,,4995.0,0.0,-6.5,-0.0012996101169648888,6.5
-1,3700,TOMATOES,4995,6,4994,25,,,5008,6,5010,25,,,5001.5,0.0,6.5,0.0013013013013012387,-6.5
-2,3700,TOMATOES,4988,7,4987,17,,,5002,7,5003,17,,,4995.0,0.0,-6.5,-0.0012996101169648888,0.0
-2,3800,TOMATOES,4988,8,4987,20,,,5002,8,5003,20,,,4995.0,0.0,0.0,0.0,6.0
-1,3800,TOMATOES,4994,9,4993,24,,,5008,9,5009,24,,,5001.0,0.0,6.0,0.001201201201201263,1.0
-1,3900,TOMATOES,4995,9,4994,16,,,5009,9,5010,16,,,5002.0,0.0,1.0,0.00019996000799848979,-6.5
-2,3900,TOMATOES,4989,10,4988,15,,,5002,10,5004,15,,,4995.5,0.0,-6.5,-0.0012994802079168144,7.0
-1,4000,TOMATOES,4996,7,4994,19,,,5009,7,5010,19,,,5002.5,0.0,7.0,0.001401261135021592,-7.0
-2,4000,TOMATOES,4989,6,4988,20,,,5002,6,5004,20,,,4995.5,0.0,-7.0,-0.00139930034982505,0.0
-2,4100,TOMATOES,4989,5,4987,17,,,5002,5,5003,17,,,4995.5,0.0,0.0,0.0,7.0
-1,4100,TOMATOES,4996,7,4994,18,,,5009,7,5010,18,,,5002.5,0.0,7.0,0.001401261135021592,-8.0
-2,4200,TOMATOES,4988,5,4987,16,,,5001,5,5003,16,,,4994.5,0.0,-8.0,-0.0015992003998001048,8.0
-1,4200,TOMATOES,4996,7,4994,25,,,5009,7,5010,25,,,5002.5,0.0,8.0,0.0016017619381318848,-8.0
-2,4300,TOMATOES,4988,9,4986,25,,,5001,9,5002,25,,,4994.5,0.0,-8.0,-0.0015992003998001048,4.0
-1,4300,TOMATOES,4995,6,4994,25,,,5002,6,5008,6,5010.0,25.0,4998.5,0.0,4.0,0.0008008809690660534,-4.0
-2,4400,TOMATOES,4988,6,4987,17,,,5001,6,5003,17,,,4994.5,0.0,-4.0,-0.0008002400720216185,7.0
-1,4400,TOMATOES,4995,5,4994,24,,,5008,5,5010,24,,,5001.5,0.0,7.0,0.0014015416958654825,-7.0
-2,4500,TOMATOES,4988,5,4986,18,,,5001,5,5002,18,,,4994.5,0.0,-7.0,-0.0013995801259621965,7.5
-1,4500,TOMATOES,4995,9,4994,18,,,5009,9,5010,18,,,5002.0,0.0,7.5,0.0015016518169987947,-7.0
-2,4600,TOMATOES,4988,5,4987,19,,,5002,5,5003,19,,,4995.0,0.0,-7.0,-0.0013994402239104753,7.0
-1,4600,TOMATOES,4995,7,4994,17,,,5009,7,5010,17,,,5002.0,0.0,7.0,0.0014014014014014364,0.0
-1,4700,TOMATOES,4995,7,4994,18,,,5009,7,5010,18,,,5002.0,0.0,0.0,0.0,-8.0
-2,4700,TOMATOES,4987,5,4986,15,,,5001,5,5002,15,,,4994.0,0.0,-8.0,-0.001599360255897686,8.0
-1,4800,TOMATOES,4995,7,4994,23,,,5009,7,5010,23,,,5002.0,0.0,8.0,0.0016019223067680333,-8.0
-2,4800,TOMATOES,4987,7,4986,17,,,5001,7,5002,17,,,4994.0,0.0,-8.0,-0.001599360255897686,-0.5
-2,4900,TOMATOES,4987,5,4986,24,,,5000,5,5002,24,,,4993.5,0.0,-0.5,-0.00010012014417304371,8.5
-1,4900,TOMATOES,4995,10,4994,18,,,5009,10,5010,18,,,5002.0,0.0,8.5,0.0017022128767396616,-7.5
-2,5000,TOMATOES,4988,5,4986,25,,,5001,5,5002,25,,,4994.5,0.0,-7.5,-0.0014994002399040252,8.0
-1,5000,TOMATOES,4996,9,4995,24,,,5009,9,5011,24,,,5002.5,0.0,8.0,0.0016017619381318848,0.0
-1,5100,TOMATOES,4996,10,4994,17,,,5009,10,5010,17,,,5002.5,0.0,0.0,0.0,-8.0
-2,5100,TOMATOES,4988,10,4986,21,,,5001,10,5002,21,,,4994.5,0.0,-8.0,-0.0015992003998001048,8.0
-1,5200,TOMATOES,4996,6,4994,23,,,5009,6,5010,23,,,5002.5,0.0,8.0,0.0016017619381318848,-8.0
-2,5200,TOMATOES,4988,7,4987,15,,,5001,7,5003,15,,,4994.5,0.0,-8.0,-0.0015992003998001048,0.5
-2,5300,TOMATOES,4988,8,4987,24,,,5002,8,5003,24,,,4995.0,0.0,0.5,0.00010011012113331219,7.5
-1,5300,TOMATOES,4996,7,4995,23,,,5009,7,5011,23,,,5002.5,0.0,7.5,0.0015015015015014122,-7.5
-2,5400,TOMATOES,4988,5,4987,15,,,5002,5,5003,15,,,4995.0,0.0,-7.5,-0.0014992503748125774,7.5
-1,5400,TOMATOES,4996,5,4995,15,,,5009,5,5011,15,,,5002.5,0.0,7.5,0.0015015015015014122,-7.5
-2,5500,TOMATOES,4988,5,4987,24,,,5002,5,5003,24,,,4995.0,0.0,-7.5,-0.0014992503748125774,7.5
-1,5500,TOMATOES,4996,9,4994,22,,,5009,9,5010,22,,,5002.5,0.0,7.5,0.0015015015015014122,-4.5
-2,5600,TOMATOES,4994,6,4988,6,4987.0,19.0,5002,6,5003,19,,,4998.0,0.0,-4.5,-0.0008995502248875242,4.5
-1,5600,TOMATOES,4996,9,4995,15,,,5009,9,5011,15,,,5002.5,0.0,4.5,0.0009003601440575881,3.5
-1,5700,TOMATOES,5003,8,4995,9,4994.0,18.0,5009,9,5010,18,,,5006.0,0.0,3.5,0.0006996501749125805,-10.5
-2,5700,TOMATOES,4989,7,4987,21,,,5002,7,5003,21,,,4995.5,0.0,-10.5,-0.002097483020375601,-0.5
-2,5800,TOMATOES,4988,9,4987,18,,,5002,9,5003,18,,,4995.0,0.0,-0.5,-0.00010009008107292328,6.5
-1,5800,TOMATOES,4995,7,4993,20,,,5008,7,5009,20,,,5001.5,0.0,6.5,0.0013013013013012387,-6.5
-2,5900,TOMATOES,4988,5,4987,20,,,5002,5,5003,20,,,4995.0,0.0,-6.5,-0.0012996101169648888,6.5
-1,5900,TOMATOES,4995,6,4994,19,,,5008,6,5010,19,,,5001.5,0.0,6.5,0.0013013013013012387,0.5
-1,6000,TOMATOES,4995,6,4994,23,,,5009,6,5010,23,,,5002.0,0.0,0.5,9.997000899719666e-05,-7.5
-2,6000,TOMATOES,4988,9,4986,23,,,5001,9,5002,23,,,4994.5,0.0,-7.5,-0.0014994002399040252,7.5
-1,6100,TOMATOES,4995,9,4994,24,,,5009,9,5010,24,,,5002.0,0.0,7.5,0.0015016518169987947,-8.0
-2,6100,TOMATOES,4987,6,4986,17,,,5001,6,5002,17,,,4994.0,0.0,-8.0,-0.001599360255897686,8.5
-1,6200,TOMATOES,4996,7,4994,19,,,5009,7,5010,19,,,5002.5,0.0,8.5,0.001702042450941077,-8.0
-2,6200,TOMATOES,4988,8,4986,18,,,5001,8,5002,18,,,4994.5,0.0,-8.0,-0.0015992003998001048,7.5
-1,6300,TOMATOES,4995,9,4994,17,,,5009,9,5010,17,,,5002.0,0.0,7.5,0.0015016518169987947,-7.5
-2,6300,TOMATOES,4988,6,4986,17,,,5001,6,5002,17,,,4994.5,0.0,-7.5,-0.0014994002399040252,7.5
-1,6400,TOMATOES,4995,6,4994,24,,,5009,6,5010,24,,,5002.0,0.0,7.5,0.0015016518169987947,-7.5
-2,6400,TOMATOES,4988,7,4987,23,,,5001,7,5003,23,,,4994.5,0.0,-7.5,-0.0014994002399040252,2.5
-2,6500,TOMATOES,4993,5,4988,5,4986.0,19.0,5001,5,5002,19,,,4997.0,0.0,2.5,0.0005005506056663389,5.0
-1,6500,TOMATOES,4995,6,4994,21,,,5009,6,5010,21,,,5002.0,0.0,5.0,0.0010006003602160973,-7.5
-2,6600,TOMATOES,4988,8,4987,21,,,5001,8,5003,21,,,4994.5,0.0,-7.5,-0.0014994002399040252,8.0
-1,6600,TOMATOES,4996,8,4994,20,,,5009,8,5010,20,,,5002.5,0.0,8.0,0.0016017619381318848,-8.0
-2,6700,TOMATOES,4988,8,4987,20,,,5001,8,5003,20,,,4994.5,0.0,-8.0,-0.0015992003998001048,8.0
-1,6700,TOMATOES,4996,10,4995,20,,,5009,10,5011,20,,,5002.5,0.0,8.0,0.0016017619381318848,-13.0
-2,6800,TOMATOES,4987,8,4986,21,,,4992,11,5000,8,5002.0,21.0,4989.5,0.0,-13.0,-0.0025987006496751563,14.0
-1,6800,TOMATOES,4997,10,4996,21,,,5010,10,5012,21,,,5003.5,0.0,14.0,0.002805892373985319,-10.5
-2,6900,TOMATOES,4986,7,4985,15,,,5000,7,5001,15,,,4993.0,0.0,-10.5,-0.0020985310282801706,10.0
-1,6900,TOMATOES,4996,8,4995,19,,,5010,8,5011,19,,,5003.0,0.0,10.0,0.0020028039254957886,-9.5
-2,7000,TOMATOES,4987,5,4986,25,,,5000,5,5002,25,,,4993.5,0.0,-9.5,-0.001898860683589798,10.0
-1,7000,TOMATOES,4997,8,4996,19,,,5010,8,5012,19,,,5003.5,0.0,10.0,0.002002603384399615,-10.0
-2,7100,TOMATOES,4987,6,4986,17,,,5000,6,5002,17,,,4993.5,0.0,-10.0,-0.00199860097931448,11.0
-1,7100,TOMATOES,4998,8,4996,23,,,5011,8,5012,23,,,5004.5,0.0,11.0,0.002202863722839732,-11.0
-2,7200,TOMATOES,4987,6,4986,20,,,5000,6,5002,20,,,4993.5,0.0,-11.0,-0.00219802178039763,10.5
-1,7200,TOMATOES,4997,6,4996,17,,,5011,6,5012,17,,,5004.0,0.0,10.5,0.0021027335536196734,0.0
-1,7300,TOMATOES,4997,7,4996,19,,,5011,7,5012,19,,,5004.0,0.0,0.0,0.0,-10.0
-2,7300,TOMATOES,4987,8,4986,23,,,5001,8,5002,23,,,4994.0,0.0,-10.0,-0.001998401278976769,-0.5
-2,7400,TOMATOES,4987,6,4986,24,,,5000,6,5002,24,,,4993.5,0.0,-0.5,-0.00010012014417304371,10.5
-1,7400,TOMATOES,4997,10,4996,17,,,5011,10,5012,17,,,5004.0,0.0,10.5,0.0021027335536196734,-10.0
-2,7500,TOMATOES,4987,10,4986,24,,,5001,10,5002,24,,,4994.0,0.0,-10.0,-0.001998401278976769,10.5
-1,7500,TOMATOES,4998,8,4997,18,,,5011,8,5013,18,,,5004.5,0.0,10.5,0.002102523027633252,0.5
-1,7600,TOMATOES,4998,8,4997,19,,,5012,8,5013,19,,,5005.0,0.0,0.5,9.991008092713471e-05,-11.0
-2,7600,TOMATOES,4987,8,4986,18,,,5001,8,5002,18,,,4994.0,0.0,-11.0,-0.00219780219780219,0.5
-2,7700,TOMATOES,4988,10,4987,22,,,5001,10,5003,22,,,4994.5,0.0,0.5,0.00010012014417304371,10.5
-1,7700,TOMATOES,4998,6,4997,21,,,5012,6,5013,21,,,5005.0,0.0,10.5,0.0021023125437982237,-10.5
-2,7800,TOMATOES,4988,10,4986,18,,,5001,10,5002,18,,,4994.5,0.0,-10.5,-0.00209790209790206,10.0
-1,7800,TOMATOES,4998,9,4997,17,,,5011,9,5013,17,,,5004.5,0.0,10.0,0.0020022024226649116,-10.0
-2,7900,TOMATOES,4988,6,4987,18,,,5001,6,5003,18,,,4994.5,0.0,-10.0,-0.0019982016185433604,11.0
-1,7900,TOMATOES,4999,8,4997,19,,,5012,8,5013,19,,,5005.5,0.0,11.0,0.002202422664931314,-11.0
-2,8000,TOMATOES,4988,10,4986,25,,,5001,10,5002,25,,,4994.5,0.0,-11.0,-0.0021975826590749925,11.0
-1,8000,TOMATOES,4999,6,4997,21,,,5012,6,5013,21,,,5005.5,0.0,11.0,0.002202422664931314,-11.5
-2,8100,TOMATOES,4987,9,4986,20,,,5001,9,5002,20,,,4994.0,0.0,-11.5,-0.002297472779942078,12.0
-1,8100,TOMATOES,4999,7,4998,24,,,5013,7,5014,24,,,5006.0,0.0,12.0,0.002402883460152161,0.0
-1,8200,TOMATOES,4999,6,4998,15,,,5013,6,5014,15,,,5006.0,0.0,0.0,0.0,-8.5
-2,8200,TOMATOES,4994,5,4987,9,4986.0,24.0,5001,9,5002,24,,,4997.5,0.0,-8.5,-0.0016979624450659259,-4.0
-2,8300,TOMATOES,4987,5,4986,17,,,5000,5,5002,17,,,4993.5,0.0,-4.0,-0.0008004002001000821,12.5
-1,8300,TOMATOES,4999,9,4998,22,,,5013,9,5014,22,,,5006.0,0.0,12.5,0.002503254230499685,-12.0
-2,8400,TOMATOES,4987,6,4986,15,,,5001,6,5002,15,,,4994.0,0.0,-12.0,-0.002397123451857719,13.0
-1,8400,TOMATOES,5000,6,4999,20,,,5014,6,5015,20,,,5007.0,0.0,13.0,0.0026031237484982483,-12.0
-2,8500,TOMATOES,4988,5,4987,21,,,5002,5,5003,21,,,4995.0,0.0,-12.0,-0.002396644697423622,12.0
-1,8500,TOMATOES,5000,10,4999,17,,,5014,10,5015,17,,,5007.0,0.0,12.0,0.002402402402402304,0.0
-1,8600,TOMATOES,5000,7,4999,23,,,5014,7,5015,23,,,5007.0,0.0,0.0,0.0,-12.0
-2,8600,TOMATOES,4988,9,4987,25,,,5002,9,5003,25,,,4995.0,0.0,-12.0,-0.002396644697423622,-1.0
-2,8700,TOMATOES,4987,6,4986,20,,,5001,6,5002,20,,,4994.0,0.0,-1.0,-0.00020020020020017348,13.5
-1,8700,TOMATOES,5001,5,5000,16,,,5014,5,5016,16,,,5007.5,0.0,13.5,0.002703243892671292,-13.0
-2,8800,TOMATOES,4988,10,4986,19,,,5001,10,5002,19,,,4994.5,0.0,-13.0,-0.00259610584123815,13.0
-1,8800,TOMATOES,5001,7,4999,21,,,5014,7,5015,21,,,5007.5,0.0,13.0,0.0026028631494643406,-14.5
-2,8900,TOMATOES,4986,10,4985,15,,,5000,10,5001,15,,,4993.0,0.0,-14.5,-0.002895656515227163,14.0
-1,8900,TOMATOES,5000,10,4999,16,,,5014,10,5015,16,,,5007.0,0.0,14.0,0.0028039254956939708,-13.5
-2,9000,TOMATOES,4987,9,4985,20,,,5000,9,5001,20,,,4993.5,0.0,-13.5,-0.002696225284601561,13.5
-1,9000,TOMATOES,5000,9,4999,17,,,5014,9,5015,17,,,5007.0,0.0,13.5,0.00270351456893958,-0.5
-1,9100,TOMATOES,5000,6,4999,21,,,5013,6,5015,21,,,5006.5,0.0,-0.5,-9.986019572594262e-05,-12.0
-2,9100,TOMATOES,4988,10,4986,18,,,5001,10,5002,18,,,4994.5,0.0,-12.0,-0.002396884050734016,12.5
-1,9200,TOMATOES,5000,9,4999,17,,,5014,9,5015,17,,,5007.0,0.0,12.5,0.0025027530283312505,-13.0
-2,9200,TOMATOES,4987,7,4986,20,,,5001,7,5002,20,,,4994.0,0.0,-13.0,-0.0025963650888756185,3.0
-2,9300,TOMATOES,4993,5,4987,7,4986.0,15.0,5001,7,5002,15,,,4997.0,0.0,3.0,0.0006007208650380402,10.0
-1,9300,TOMATOES,5000,9,4999,22,,,5014,9,5015,22,,,5007.0,0.0,10.0,0.0020012007204321947,-0.5
-1,9400,TOMATOES,5000,5,4999,21,,,5013,5,5015,21,,,5006.5,0.0,-0.5,-9.986019572594262e-05,-13.0
-2,9400,TOMATOES,4987,8,4985,19,,,5000,8,5001,19,,,4993.5,0.0,-13.0,-0.002596624388295221,13.0
-1,9500,TOMATOES,5000,10,4999,19,,,5013,10,5015,19,,,5006.5,0.0,13.0,0.0026033843997197437,-13.5
-2,9500,TOMATOES,4986,6,4985,16,,,5000,6,5001,16,,,4993.0,0.0,-13.5,-0.002696494557075768,13.0
-1,9600,TOMATOES,4999,7,4998,20,,,5013,7,5014,20,,,5006.0,0.0,13.0,0.0026036451031443697,-10.0
-2,9600,TOMATOES,4992,3,4986,10,4985.0,20.0,5000,10,5001,20,,,4996.0,0.0,-10.0,-0.0019976028765481546,-3.0
-2,9700,TOMATOES,4986,7,4985,25,,,5000,7,5001,25,,,4993.0,0.0,-3.0,-0.0006004803843074891,13.5
-1,9700,TOMATOES,5000,8,4998,21,,,5013,8,5014,21,,,5006.5,0.0,13.5,0.0027037852994191702,-13.5
-2,9800,TOMATOES,4986,6,4985,21,,,5000,6,5001,21,,,4993.0,0.0,-13.5,-0.002696494557075768,13.5
-1,9800,TOMATOES,5000,5,4999,17,,,5013,5,5015,17,,,5006.5,0.0,13.5,0.0027037852994191702,-12.5
-2,9900,TOMATOES,4987,10,4986,21,,,5001,10,5002,21,,,4994.0,0.0,-12.5,-0.002496754219514674,12.5
-1,9900,TOMATOES,5000,7,4999,17,,,5013,7,5015,17,,,5006.5,0.0,12.5,0.0025030036043252046,0.0
-1,10000,TOMATOES,5000,7,4998,20,,,5013,7,5014,20,,,5006.5,0.0,0.0,0.0,-12.5
-2,10000,TOMATOES,4987,10,4986,24,,,5001,10,5002,24,,,4994.0,0.0,-12.5,-0.002496754219514674,2.5
-2,10100,TOMATOES,4992,6,4987,10,4986.0,16.0,5001,10,5002,16,,,4996.5,0.0,2.5,0.0005006007208649965,10.5
-1,10100,TOMATOES,5000,5,4999,18,,,5014,5,5015,18,,,5007.0,0.0,10.5,0.002101471029720914,-13.0
-2,10200,TOMATOES,4987,7,4986,17,,,5001,7,5002,17,,,4994.0,0.0,-13.0,-0.0025963650888756185,14.0
-1,10200,TOMATOES,5001,7,5000,20,,,5015,7,5016,20,,,5008.0,0.0,14.0,0.0028033640368441137,-14.0
-2,10300,TOMATOES,4987,10,4986,16,,,5001,10,5002,16,,,4994.0,0.0,-14.0,-0.0027955271565495154,14.5
-1,10300,TOMATOES,5002,6,5001,22,,,5015,6,5017,22,,,5008.5,0.0,14.5,0.0029034841810171574,0.0
-1,10400,TOMATOES,5002,7,5001,23,,,5015,7,5017,23,,,5008.5,0.0,0.0,0.0,-15.5
-2,10400,TOMATOES,4986,8,4985,16,,,5000,8,5001,16,,,4993.0,0.0,-15.5,-0.0030947389437955275,0.5
-2,10500,TOMATOES,4987,10,4986,22,,,5000,10,5001,22,,,4993.5,0.0,0.5,0.00010014019627480053,15.5
-1,10500,TOMATOES,5002,5,5001,25,,,5016,5,5017,25,,,5009.0,0.0,15.5,0.003104035245819592,-3.5
-1,10600,TOMATOES,5002,6,5000,25,,,5009,4,5015,6,5016.0,25.0,5005.5,0.0,-3.5,-0.0006987422639249674,-12.5
-2,10600,TOMATOES,4986,10,4985,22,,,5000,10,5001,22,,,4993.0,0.0,-12.5,-0.002497253021676138,15.5
-1,10700,TOMATOES,5002,7,5001,15,,,5015,7,5017,15,,,5008.5,0.0,15.5,0.0031043460845183724,-16.0
-2,10700,TOMATOES,4986,5,4984,18,,,4999,5,5000,18,,,4992.5,0.0,-16.0,-0.0031945692323051,15.0
-1,10800,TOMATOES,5001,8,4999,20,,,5014,8,5015,20,,,5007.5,0.0,15.0,0.003004506760140302,-15.5
-2,10800,TOMATOES,4985,5,4984,21,,,4999,5,5000,21,,,4992.0,0.0,-15.5,-0.0030953569645532086,14.5
-1,10900,TOMATOES,5000,8,4998,17,,,5013,8,5014,17,,,5006.5,0.0,14.5,0.002904647435897356,-15.0
-2,10900,TOMATOES,4985,8,4983,22,,,4998,8,4999,22,,,4991.5,0.0,-15.0,-0.00299610506341752,0.5
-2,11000,TOMATOES,4985,8,4984,17,,,4999,8,5000,17,,,4992.0,0.0,0.5,0.00010017028949205198,14.0
-1,11000,TOMATOES,4999,5,4998,17,,,5013,5,5014,17,,,5006.0,0.0,14.0,0.002804487179487225,-0.5
-1,11100,TOMATOES,4999,6,4998,22,,,5012,6,5014,22,,,5005.5,0.0,-0.5,-9.988014382744659e-05,-14.0
-2,11100,TOMATOES,4985,9,4983,15,,,4998,9,4999,15,,,4991.5,0.0,-14.0,-0.0027969233842772834,14.5
-1,11200,TOMATOES,4999,5,4998,15,,,5013,5,5014,15,,,5006.0,0.0,14.5,0.00290493839527195,-14.5
-2,11200,TOMATOES,4985,10,4984,18,,,4998,10,4999,18,,,4991.5,0.0,-14.5,-0.002896524170994841,14.0
-1,11300,TOMATOES,4999,10,4998,24,,,5012,10,5014,24,,,5005.5,0.0,14.0,0.002804768105779898,-13.5
-2,11300,TOMATOES,4985,9,4984,21,,,4999,9,5000,21,,,4992.0,0.0,-13.5,-0.002697033263410198,-0.5
-2,11400,TOMATOES,4985,8,4984,15,,,4998,8,5000,15,,,4991.5,0.0,-0.5,-0.00010016025641024218,14.0
-1,11400,TOMATOES,4999,10,4998,19,,,5012,10,5014,19,,,5005.5,0.0,14.0,0.002804768105779898,0.0
-1,11500,TOMATOES,4999,5,4997,21,,,5012,5,5013,21,,,5005.5,0.0,0.0,0.0,-14.5
-2,11500,TOMATOES,4984,8,4983,23,,,4998,8,4999,23,,,4991.0,0.0,-14.5,-0.002896813505144369,1.5
-2,11600,TOMATOES,4986,9,4984,21,,,4999,9,5000,21,,,4992.5,0.0,1.5,0.0003005409737526499,13.0
-1,11600,TOMATOES,4999,8,4997,18,,,5012,8,5013,18,,,5005.5,0.0,13.0,0.0026039058587881136,0.0
-1,11700,TOMATOES,4999,6,4997,19,,,5012,6,5013,19,,,5005.5,0.0,0.0,0.0,-13.5
-2,11700,TOMATOES,4985,5,4984,19,,,4999,5,5000,19,,,4992.0,0.0,-13.5,-0.002697033263410198,0.5
-2,11800,TOMATOES,4986,10,4984,21,,,4999,10,5000,21,,,4992.5,0.0,0.5,0.0001001602564103532,10.0
-1,11800,TOMATOES,4999,8,4997,25,,,5006,5,5012,8,5013.0,25.0,5002.5,0.0,10.0,0.0020030045067600533,3.5
-1,11900,TOMATOES,4999,10,4998,20,,,5013,10,5014,20,,,5006.0,0.0,3.5,0.0006996501749125805,-13.5
-2,11900,TOMATOES,4986,6,4985,21,,,4999,6,5001,21,,,4992.5,0.0,-13.5,-0.0026967638833399477,12.5
-1,12000,TOMATOES,4998,5,4997,18,,,5012,5,5013,18,,,5005.0,0.0,12.5,0.0025037556334501776,-12.0
-2,12000,TOMATOES,4986,8,4985,20,,,5000,8,5001,20,,,4993.0,0.0,-12.0,-0.0023976023976024496,-0.5
-2,12100,TOMATOES,4986,5,4985,21,,,4999,5,5001,21,,,4992.5,0.0,-0.5,-0.00010014019627480053,13.0
-1,12100,TOMATOES,4999,7,4998,22,,,5012,7,5014,22,,,5005.5,0.0,13.0,0.0026039058587881136,1.0
-1,12200,TOMATOES,5000,6,4998,22,,,5013,6,5014,22,,,5006.5,0.0,1.0,0.00019978024173417097,-13.0
-2,12200,TOMATOES,4987,5,4985,21,,,5000,5,5001,21,,,4993.5,0.0,-13.0,-0.002596624388295221,0.0
-2,12300,TOMATOES,4987,5,4985,18,,,5000,5,5001,18,,,4993.5,0.0,0.0,0.0,13.5
-1,12300,TOMATOES,5000,10,4999,25,,,5014,10,5015,25,,,5007.0,0.0,13.5,0.00270351456893958,-13.5
-2,12400,TOMATOES,4987,6,4985,24,,,5000,6,5001,24,,,4993.5,0.0,-13.5,-0.002696225284601561,14.0
-1,12400,TOMATOES,5001,8,4999,22,,,5014,8,5015,22,,,5007.5,0.0,14.0,0.0028036447381596385,-14.0
-2,12500,TOMATOES,4987,10,4985,23,,,5000,10,5001,23,,,4993.5,0.0,-14.0,-0.0027958062905641956,13.5
-1,12500,TOMATOES,5000,6,4999,20,,,5014,6,5015,20,,,5007.0,0.0,13.5,0.00270351456893958,-15.0
-2,12600,TOMATOES,4985,7,4984,16,,,4999,7,5000,16,,,4992.0,0.0,-15.0,-0.0029958058717795,14.5
-1,12600,TOMATOES,5000,7,4999,18,,,5013,7,5015,18,,,5006.5,0.0,14.5,0.002904647435897356,-14.0
-2,12700,TOMATOES,4986,6,4985,18,,,4999,6,5001,18,,,4992.5,0.0,-14.0,-0.002796364725856426,13.0
-1,12700,TOMATOES,4999,7,4998,15,,,5012,7,5014,15,,,5005.5,0.0,13.0,0.0026039058587881136,-12.5
-2,12800,TOMATOES,4986,8,4985,17,,,5000,8,5001,17,,,4993.0,0.0,-12.5,-0.002497253021676138,12.5
-1,12800,TOMATOES,4999,6,4998,25,,,5012,6,5014,25,,,5005.5,0.0,12.5,0.002503504906869569,-13.0
-2,12900,TOMATOES,4986,10,4984,20,,,4999,10,5000,20,,,4992.5,0.0,-13.0,-0.0025971431425432234,12.5
-1,12900,TOMATOES,4998,8,4997,16,,,5012,8,5013,16,,,5005.0,0.0,12.5,0.0025037556334501776,0.0
-1,13000,TOMATOES,4998,5,4997,21,,,5012,5,5013,21,,,5005.0,0.0,0.0,0.0,-12.0
-2,13000,TOMATOES,4986,9,4985,25,,,5000,9,5001,25,,,4993.0,0.0,-12.0,-0.0023976023976024496,3.0
-2,13100,TOMATOES,4992,6,4986,6,4985.0,25.0,5000,6,5001,25,,,4996.0,0.0,3.0,0.0006008411776488032,8.0
-1,13100,TOMATOES,4997,9,4996,17,,,5011,9,5012,17,,,5004.0,0.0,8.0,0.0016012810248198228,-11.5
-2,13200,TOMATOES,4986,5,4985,23,,,4999,5,5001,23,,,4992.5,0.0,-11.5,-0.00229816147082329,12.0
-1,13200,TOMATOES,4998,5,4996,25,,,5011,5,5012,25,,,5004.5,0.0,12.0,0.0024036054081122415,-12.0
-2,13300,TOMATOES,4986,7,4985,21,,,4999,7,5001,21,,,4992.5,0.0,-12.0,-0.0023978419422520103,12.0
-1,13300,TOMATOES,4998,6,4997,17,,,5011,6,5013,17,,,5004.5,0.0,12.0,0.0024036054081122415,-12.0
-2,13400,TOMATOES,4986,8,4984,21,,,4999,8,5000,21,,,4992.5,0.0,-12.0,-0.0023978419422520103,12.5
-1,13400,TOMATOES,4998,9,4997,22,,,5012,9,5013,22,,,5005.0,0.0,12.5,0.0025037556334501776,-13.0
-2,13500,TOMATOES,4985,5,4984,16,,,4999,5,5000,16,,,4992.0,0.0,-13.0,-0.0025974025974025983,13.5
-1,13500,TOMATOES,4999,8,4997,24,,,5012,8,5013,24,,,5005.5,0.0,13.5,0.002704326923076872,0.0
-1,13600,TOMATOES,4999,6,4998,20,,,5012,6,5014,20,,,5005.5,0.0,0.0,0.0,-10.5
-2,13600,TOMATOES,4991,3,4986,9,4984.0,25.0,4999,9,5000,25,,,4995.0,0.0,-10.5,-0.002097692538208018,-3.0
-2,13700,TOMATOES,4985,6,4984,22,,,4999,6,5000,22,,,4992.0,0.0,-3.0,-0.0006006006006006315,17.0
-1,13700,TOMATOES,5006,5,4998,6,4997.0,23.0,5012,6,5013,23,,,5009.0,0.0,17.0,0.003405448717948678,-17.0
-2,13800,TOMATOES,4985,7,4984,24,,,4999,7,5000,24,,,4992.0,0.0,-17.0,-0.0033938909962067942,12.5
-1,13800,TOMATOES,4998,5,4997,16,,,5011,5,5013,16,,,5004.5,0.0,12.5,0.0025040064102563875,-12.5
-2,13900,TOMATOES,4985,8,4984,15,,,4999,8,5000,15,,,4992.0,0.0,-12.5,-0.002497752023179145,8.5
-1,13900,TOMATOES,4997,9,4996,15,,,5004,6,5011,9,5012.0,15.0,5000.5,0.0,8.5,0.00170272435897445,-9.0
-2,14000,TOMATOES,4985,7,4984,16,,,4998,7,5000,16,,,4991.5,0.0,-9.0,-0.001799820017998166,13.0
-1,14000,TOMATOES,4998,7,4996,16,,,5011,7,5012,16,,,5004.5,0.0,13.0,0.002604427526795572,-13.0
-2,14100,TOMATOES,4985,7,4984,22,,,4998,7,5000,22,,,4991.5,0.0,-13.0,-0.0025976621041062797,12.5
-1,14100,TOMATOES,4997,5,4996,19,,,5011,5,5012,19,,,5004.0,0.0,12.5,0.00250425723730352,0.0
-1,14200,TOMATOES,4997,10,4996,25,,,5011,10,5012,25,,,5004.0,0.0,0.0,0.0,-13.0
-2,14200,TOMATOES,4984,5,4983,18,,,4998,5,4999,18,,,4991.0,0.0,-13.0,-0.002597921662669811,12.5
-1,14300,TOMATOES,4997,8,4996,20,,,5010,8,5012,20,,,5003.5,0.0,12.5,0.00250450811460623,-13.5
-2,14300,TOMATOES,4983,7,4982,23,,,4997,7,4998,23,,,4990.0,0.0,-13.5,-0.0026981113220745367,14.5
-1,14400,TOMATOES,4998,6,4996,21,,,5011,6,5012,21,,,5004.5,0.0,14.5,0.002905811623246546,-14.5
-2,14400,TOMATOES,4983,8,4982,17,,,4997,8,4998,17,,,4990.0,0.0,-14.5,-0.002897392346887795,13.5
-1,14500,TOMATOES,4997,6,4996,21,,,5010,6,5012,21,,,5003.5,0.0,13.5,0.002705410821643328,-13.5
-2,14500,TOMATOES,4983,6,4982,17,,,4997,6,4998,17,,,4990.0,0.0,-13.5,-0.0026981113220745367,10.5
-1,14600,TOMATOES,4997,9,4995,22,,,5004,2,5010,9,5011.0,22.0,5000.5,0.0,10.5,0.002104208416833675,-6.5
-2,14600,TOMATOES,4991,5,4983,8,4982.0,18.0,4997,8,4998,18,,,4994.0,0.0,-6.5,-0.001299870012998694,9.0
-1,14700,TOMATOES,4996,9,4995,22,,,5010,9,5011,22,,,5003.0,0.0,9.0,0.0018021625951141207,-13.0
-2,14700,TOMATOES,4983,7,4982,19,,,4997,7,4998,19,,,4990.0,0.0,-13.0,-0.002598440935438706,1.0
-2,14800,TOMATOES,4984,6,4983,25,,,4998,6,4999,25,,,4991.0,0.0,1.0,0.00020040080160321772,12.0
-1,14800,TOMATOES,4996,10,4995,17,,,5010,10,5011,17,,,5003.0,0.0,12.0,0.002404327790022087,2.0
-1,14900,TOMATOES,5001,4,4996,10,4995.0,22.0,5009,10,5011,22,,,5005.0,0.0,2.0,0.00039976014391363,-14.5
-2,14900,TOMATOES,4984,7,4983,16,,,4997,7,4999,16,,,4990.5,0.0,-14.5,-0.0028971028971028767,12.5
-1,15000,TOMATOES,4996,10,4995,25,,,5010,10,5011,25,,,5003.0,0.0,12.5,0.0025047590421800603,-12.0
-2,15000,TOMATOES,4984,6,4983,25,,,4998,6,4999,25,,,4991.0,0.0,-12.0,-0.002398560863481891,12.5
-1,15100,TOMATOES,4997,9,4996,25,,,5010,9,5012,25,,,5003.5,0.0,12.5,0.00250450811460623,-12.0
-2,15100,TOMATOES,4985,8,4983,17,,,4998,8,4999,17,,,4991.5,0.0,-12.0,-0.0023983211751773537,11.5
-1,15200,TOMATOES,4996,6,4995,17,,,5010,6,5011,17,,,5003.0,0.0,11.5,0.002303916658319194,-12.0
-2,15200,TOMATOES,4984,5,4983,15,,,4998,5,4999,15,,,4991.0,0.0,-12.0,-0.002398560863481891,12.0
-1,15300,TOMATOES,4996,9,4995,21,,,5010,9,5011,21,,,5003.0,0.0,12.0,0.002404327790022087,-11.5
-2,15300,TOMATOES,4985,9,4984,19,,,4998,9,4999,19,,,4991.5,0.0,-11.5,-0.002298620827503539,0.5
-2,15400,TOMATOES,4985,5,4984,25,,,4999,5,5000,25,,,4992.0,0.0,0.5,0.00010017028949205198,11.0
-1,15400,TOMATOES,4996,6,4995,18,,,5010,6,5011,18,,,5003.0,0.0,11.0,0.00220352564102555,-10.5
-2,15500,TOMATOES,4986,6,4984,18,,,4999,6,5000,18,,,4992.5,0.0,-10.5,-0.002098740755546724,11.0
-1,15500,TOMATOES,4997,8,4995,25,,,5010,8,5011,25,,,5003.5,0.0,11.0,0.0022033049574361474,0.5
-1,15600,TOMATOES,4997,7,4996,22,,,5011,7,5012,22,,,5004.0,0.0,0.5,9.993004896569069e-05,-12.0
-2,15600,TOMATOES,4985,8,4984,22,,,4999,8,5000,22,,,4992.0,0.0,-12.0,-0.0023980815347721673,0.0
-2,15700,TOMATOES,4985,5,4984,21,,,4999,5,5000,21,,,4992.0,0.0,0.0,0.0,12.0
-1,15700,TOMATOES,4997,5,4996,15,,,5011,5,5012,15,,,5004.0,0.0,12.0,0.0024038461538462563,-11.5
-2,15800,TOMATOES,4986,7,4985,24,,,4999,7,5001,24,,,4992.5,0.0,-11.5,-0.00229816147082329,12.5
-1,15800,TOMATOES,4998,10,4997,21,,,5012,10,5013,21,,,5005.0,0.0,12.5,0.0025037556334501776,-3.5
-1,15900,TOMATOES,4998,5,4996,16,,,5005,6,5011,5,5012.0,16.0,5001.5,0.0,-3.5,-0.0006993006993006867,-10.0
-2,15900,TOMATOES,4985,7,4984,18,,,4998,7,5000,18,,,4991.5,0.0,-10.0,-0.0019994001799460426,0.5
-2,16000,TOMATOES,4985,6,4984,16,,,4999,6,5000,16,,,4992.0,0.0,0.5,0.00010017028949205198,12.0
-1,16000,TOMATOES,4997,5,4996,19,,,5011,5,5012,19,,,5004.0,0.0,12.0,0.0024038461538462563,-12.5
-2,16100,TOMATOES,4985,10,4984,16,,,4998,10,5000,16,,,4991.5,0.0,-12.5,-0.0024980015987210447,9.5
-1,16100,TOMATOES,4997,10,4996,24,,,5005,2,5011,10,5012.0,24.0,5001.0,0.0,9.5,0.001903235500350542,2.5
-1,16200,TOMATOES,4997,8,4995,15,,,5010,8,5011,15,,,5003.5,0.0,2.5,0.0004999000199958914,-8.5
-2,16200,TOMATOES,4991,4,4985,5,4984.0,23.0,4999,5,5000,23,,,4995.0,0.0,-8.5,-0.0016988108324172968,-2.5
-2,16300,TOMATOES,4986,8,4984,22,,,4999,8,5000,22,,,4992.5,0.0,-2.5,-0.0005005005005005447,10.0
-1,16300,TOMATOES,4996,6,4995,22,,,5009,6,5011,22,,,5002.5,0.0,10.0,0.0020030045067600533,-14.0
-2,16400,TOMATOES,4985,9,4984,21,,,4992,6,4999,9,5000.0,21.0,4988.5,0.0,-14.0,-0.002798600699650211,14.5
-1,16400,TOMATOES,4996,9,4995,25,,,5010,9,5011,25,,,5003.0,0.0,14.5,0.0029066853763657363,-10.5
-2,16500,TOMATOES,4986,7,4984,23,,,4999,7,5000,23,,,4992.5,0.0,-10.5,-0.002098740755546724,10.5
-1,16500,TOMATOES,4996,6,4995,23,,,5010,6,5011,23,,,5003.0,0.0,10.5,0.0021031547320982114,-10.0
-2,16600,TOMATOES,4986,8,4985,20,,,5000,8,5001,20,,,4993.0,0.0,-10.0,-0.001998800719568261,10.0
-1,16600,TOMATOES,4996,10,4995,21,,,5010,10,5011,21,,,5003.0,0.0,10.0,0.0020028039254957886,-0.5
-1,16700,TOMATOES,4996,5,4995,21,,,5009,5,5011,21,,,5002.5,0.0,-0.5,-9.994003597846302e-05,-9.5
-2,16700,TOMATOES,4986,5,4985,16,,,5000,5,5001,16,,,4993.0,0.0,-9.5,-0.0018990504747625758,-0.5
-2,16800,TOMATOES,4986,9,4985,18,,,4999,9,5001,18,,,4992.5,0.0,-0.5,-0.00010014019627480053,10.5
-1,16800,TOMATOES,4996,6,4995,19,,,5010,6,5011,19,,,5003.0,0.0,10.5,0.0021031547320982114,-0.5
-1,16900,TOMATOES,4996,6,4994,20,,,5009,6,5010,20,,,5002.5,0.0,-0.5,-9.994003597846302e-05,-10.0
-2,16900,TOMATOES,4986,6,4985,19,,,4999,6,5001,19,,,4992.5,0.0,-10.0,-0.001999000499750103,10.0
-1,17000,TOMATOES,4996,9,4994,25,,,5009,9,5010,25,,,5002.5,0.0,10.0,0.0020030045067600533,-9.5
-2,17000,TOMATOES,4986,9,4985,23,,,5000,9,5001,23,,,4993.0,0.0,-9.5,-0.0018990504747625758,0.0
-2,17100,TOMATOES,4986,8,4985,18,,,5000,8,5001,18,,,4993.0,0.0,0.0,0.0,9.0
-1,17100,TOMATOES,4995,8,4994,17,,,5009,8,5010,17,,,5002.0,0.0,9.0,0.0018025235329461875,-9.0
-2,17200,TOMATOES,4986,10,4985,15,,,5000,10,5001,15,,,4993.0,0.0,-9.0,-0.0017992802878848968,9.5
-1,17200,TOMATOES,4996,6,4995,23,,,5009,6,5011,23,,,5002.5,0.0,9.5,0.001902663729220988,-9.5
-2,17300,TOMATOES,4986,7,4985,16,,,5000,7,5001,16,,,4993.0,0.0,-9.5,-0.0018990504747625758,10.0
-1,17300,TOMATOES,4996,8,4995,21,,,5010,8,5011,21,,,5003.0,0.0,10.0,0.0020028039254957886,2.5
-1,17400,TOMATOES,5001,6,4996,5,4995.0,19.0,5010,5,5011,19,,,5005.5,0.0,2.5,0.000499700179892093,-11.5
-2,17400,TOMATOES,4987,7,4986,23,,,5001,7,5002,23,,,4994.0,0.0,-11.5,-0.002297472779942078,0.5
-2,17500,TOMATOES,4988,6,4987,15,,,5001,6,5003,15,,,4994.5,0.0,0.5,0.00010012014417304371,8.5
-1,17500,TOMATOES,4996,9,4995,25,,,5010,9,5011,25,,,5003.0,0.0,8.5,0.001701872059265197,-0.5
-1,17600,TOMATOES,4996,10,4995,23,,,5009,10,5011,23,,,5002.5,0.0,-0.5,-9.994003597846302e-05,-8.5
-2,17600,TOMATOES,4987,9,4986,17,,,5001,9,5002,17,,,4994.0,0.0,-8.5,-0.0016991504247876321,-1.0
-2,17700,TOMATOES,4986,5,4985,19,,,5000,5,5001,19,,,4993.0,0.0,-1.0,-0.0002002402883459764,9.5
-1,17700,TOMATOES,4996,7,4994,19,,,5009,7,5010,19,,,5002.5,0.0,9.5,0.001902663729220988,0.0
-1,17800,TOMATOES,4996,7,4995,22,,,5009,7,5011,22,,,5002.5,0.0,0.0,0.0,-10.0
-2,17800,TOMATOES,4986,7,4985,20,,,4999,7,5001,20,,,4992.5,0.0,-10.0,-0.001999000499750103,-1.0
-2,17900,TOMATOES,4985,6,4984,16,,,4998,6,5000,16,,,4991.5,0.0,-1.0,-0.00020030045067598312,10.5
-1,17900,TOMATOES,4995,9,4994,17,,,5009,9,5010,17,,,5002.0,0.0,10.5,0.002103576079334868,-7.5
-2,18000,TOMATOES,4990,3,4985,5,4984.0,24.0,4999,5,5000,24,,,4994.5,0.0,-7.5,-0.0014994002399040252,7.0
-1,18000,TOMATOES,4995,7,4994,15,,,5008,7,5010,15,,,5001.5,0.0,7.0,0.0014015416958654825,-8.5
-2,18100,TOMATOES,4986,5,4985,21,,,5000,5,5001,21,,,4993.0,0.0,-8.5,-0.0016994901529541195,9.0
-1,18100,TOMATOES,4995,10,4994,22,,,5009,10,5010,22,,,5002.0,0.0,9.0,0.0018025235329461875,-0.5
-1,18200,TOMATOES,4995,10,4993,20,,,5008,10,5009,20,,,5001.5,0.0,-0.5,-9.996001599354987e-05,-8.5
-2,18200,TOMATOES,4986,10,4985,24,,,5000,10,5001,24,,,4993.0,0.0,-8.5,-0.0016994901529541195,0.0
-2,18300,TOMATOES,4986,10,4985,18,,,5000,10,5001,18,,,4993.0,0.0,0.0,0.0,8.0
-1,18300,TOMATOES,4994,5,4993,24,,,5008,5,5009,24,,,5001.0,0.0,8.0,0.0016022431403965864,-7.5
-2,18400,TOMATOES,4987,10,4986,24,,,5000,10,5001,24,,,4993.5,0.0,-7.5,-0.0014997000599880073,7.5
-1,18400,TOMATOES,4994,5,4993,25,,,5008,5,5009,25,,,5001.0,0.0,7.5,0.0015019525382997667,-3.5
-1,18500,TOMATOES,4994,6,4992,25,,,5001,2,5007,6,5008.0,25.0,4997.5,0.0,-3.5,-0.0006998600279943812,-3.5
-2,18500,TOMATOES,4987,6,4986,22,,,5001,6,5002,22,,,4994.0,0.0,-3.5,-0.0007003501750875163,6.0
-1,18600,TOMATOES,4993,6,4992,23,,,5007,6,5008,23,,,5000.0,0.0,6.0,0.0012014417300760805,-6.0
-2,18600,TOMATOES,4987,8,4986,17,,,5001,8,5002,17,,,4994.0,0.0,-6.0,-0.0011999999999999789,6.0
-1,18700,TOMATOES,4993,7,4992,22,,,5007,7,5008,22,,,5000.0,0.0,6.0,0.0012014417300760805,-3.0
-2,18700,TOMATOES,4993,3,4987,9,4986.0,20.0,5001,9,5002,20,,,4997.0,0.0,-3.0,-0.0006000000000000449,2.0
-1,18800,TOMATOES,4992,9,4991,21,,,5006,9,5007,21,,,4999.0,0.0,2.0,0.0004002401440863501,-4.5
-2,18800,TOMATOES,4988,5,4987,25,,,5001,5,5003,25,,,4994.5,0.0,-4.5,-0.0009001800360072254,4.0
-1,18900,TOMATOES,4992,10,4991,23,,,5005,10,5007,23,,,4998.5,0.0,4.0,0.0008008809690660534,-4.0
-2,18900,TOMATOES,4988,9,4987,18,,,5001,9,5003,18,,,4994.5,0.0,-4.0,-0.0008002400720216185,4.0
-1,19000,TOMATOES,4992,10,4990,22,,,5005,10,5006,22,,,4998.5,0.0,4.0,0.0008008809690660534,-4.0
-2,19000,TOMATOES,4988,8,4987,23,,,5001,8,5003,23,,,4994.5,0.0,-4.0,-0.0008002400720216185,3.5
-1,19100,TOMATOES,4991,9,4990,20,,,5005,9,5006,20,,,4998.0,0.0,3.5,0.0007007708479327412,-3.5
-2,19100,TOMATOES,4988,9,4986,23,,,5001,9,5002,23,,,4994.5,0.0,-3.5,-0.0007002801120448154,3.5
-1,19200,TOMATOES,4991,9,4990,24,,,5005,9,5006,24,,,4998.0,0.0,3.5,0.0007007708479327412,-4.0
-2,19200,TOMATOES,4987,10,4986,16,,,5001,10,5002,16,,,4994.0,0.0,-4.0,-0.0008003201280512018,-1.0
-2,19300,TOMATOES,4986,10,4985,18,,,5000,10,5001,18,,,4993.0,0.0,-1.0,-0.0002002402883459764,6.0
-1,19300,TOMATOES,4992,10,4991,18,,,5006,10,5007,18,,,4999.0,0.0,6.0,0.0012016823552973843,0.5
-1,19400,TOMATOES,4993,5,4991,18,,,5006,5,5007,18,,,4999.5,0.0,0.5,0.00010002000400088917,-6.0
-2,19400,TOMATOES,4987,6,4985,18,,,5000,6,5001,18,,,4993.5,0.0,-6.0,-0.0012001200120012046,6.0
-1,19500,TOMATOES,4993,5,4991,17,,,5006,5,5007,17,,,4999.5,0.0,6.0,0.0012015620306398134,-7.0
-2,19500,TOMATOES,4986,6,4985,17,,,4999,6,5001,17,,,4992.5,0.0,-7.0,-0.0014001400140013498,6.5
-1,19600,TOMATOES,4992,5,4991,18,,,5006,5,5007,18,,,4999.0,0.0,6.5,0.0013019529293940568,-6.0
-2,19600,TOMATOES,4986,6,4985,17,,,5000,6,5001,17,,,4993.0,0.0,-6.0,-0.0012002400480095599,6.5
-1,19700,TOMATOES,4993,10,4991,18,,,5006,10,5007,18,,,4999.5,0.0,6.5,0.0013018225515721848,-6.5
-2,19700,TOMATOES,4986,9,4985,22,,,5000,9,5001,22,,,4993.0,0.0,-6.5,-0.0013001300130013327,6.5
-1,19800,TOMATOES,4993,7,4992,24,,,5006,7,5008,24,,,4999.5,0.0,6.5,0.0013018225515721848,-6.5
-2,19800,TOMATOES,4986,6,4985,24,,,5000,6,5001,24,,,4993.0,0.0,-6.5,-0.0013001300130013327,6.0
-1,19900,TOMATOES,4992,5,4991,18,,,5006,5,5007,18,,,4999.0,0.0,6.0,0.0012016823552973843,-5.5
-2,19900,TOMATOES,4987,5,4986,25,,,5000,5,5002,25,,,4993.5,0.0,-5.5,-0.0011002200440087817,0.5
-2,20000,TOMATOES,4987,7,4986,20,,,5001,7,5002,20,,,4994.0,0.0,0.5,0.00010013016922005846,5.0
-1,20000,TOMATOES,4992,6,4991,15,,,5006,6,5007,15,,,4999.0,0.0,5.0,0.001001201441729993,-5.0
-2,20100,TOMATOES,4987,8,4986,15,,,5001,8,5002,15,,,4994.0,0.0,-5.0,-0.0010002000400080036,4.5
-1,20100,TOMATOES,4992,7,4991,16,,,5005,7,5007,16,,,4998.5,0.0,4.5,0.0009010812975571714,-4.0
-2,20200,TOMATOES,4988,5,4986,17,,,5001,5,5002,17,,,4994.5,0.0,-4.0,-0.0008002400720216185,5.0
-1,20200,TOMATOES,4993,5,4991,23,,,5006,5,5007,23,,,4999.5,0.0,5.0,0.0010011012113324558,-5.5
-2,20300,TOMATOES,4987,8,4986,20,,,5001,8,5002,20,,,4994.0,0.0,-5.5,-0.0011001100110010764,5.5
-1,20300,TOMATOES,4993,7,4991,20,,,5006,7,5007,20,,,4999.5,0.0,5.5,0.0011013215859030367,-4.5
-2,20400,TOMATOES,4988,8,4987,15,,,5002,8,5003,15,,,4995.0,0.0,-4.5,-0.0009000900090009312,0.5
-1,20400,TOMATOES,4992,6,4991,25,,,4999,4,5006,6,5007.0,25.0,4995.5,0.0,0.5,0.00010010010010019776,-0.5
-2,20500,TOMATOES,4988,6,4987,18,,,5002,6,5003,18,,,4995.0,0.0,-0.5,-0.00010009008107292328,5.5
-1,20500,TOMATOES,4996,4,4991,7,4990.0,20.0,5005,7,5006,20,,,5000.5,0.0,5.5,0.0011011011011010652,-6.0
-2,20600,TOMATOES,4988,6,4986,24,,,5001,6,5002,24,,,4994.5,0.0,-6.0,-0.0011998800119987774,4.0
-1,20600,TOMATOES,4992,5,4990,25,,,5005,5,5006,25,,,4998.5,0.0,4.0,0.0008008809690660534,-4.5
-2,20700,TOMATOES,4987,7,4986,19,,,5001,7,5002,19,,,4994.0,0.0,-4.5,-0.0009002700810243347,7.0
-1,20700,TOMATOES,4997,6,4992,6,4991.0,20.0,5005,6,5007,20,,,5001.0,0.0,7.0,0.0014016820184221679,-7.0
-2,20800,TOMATOES,4987,10,4986,23,,,5001,10,5002,23,,,4994.0,0.0,-7.0,-0.0013997200559887624,5.0
-1,20800,TOMATOES,4992,7,4991,23,,,5006,7,5007,23,,,4999.0,0.0,5.0,0.001001201441729993,-5.5
-2,20900,TOMATOES,4987,10,4986,16,,,5000,10,5002,16,,,4993.5,0.0,-5.5,-0.0011002200440087817,6.0
-1,20900,TOMATOES,4993,5,4991,19,,,5006,5,5007,19,,,4999.5,0.0,6.0,0.0012015620306398134,-6.0
-2,21000,TOMATOES,4987,10,4986,24,,,5000,10,5002,24,,,4993.5,0.0,-6.0,-0.0012001200120012046,6.5
-1,21000,TOMATOES,4993,10,4992,21,,,5007,10,5008,21,,,5000.0,0.0,6.5,0.0013016921998598718,-6.5
-2,21100,TOMATOES,4987,9,4986,24,,,5000,9,5002,24,,,4993.5,0.0,-6.5,-0.0012999999999999678,5.5
-1,21100,TOMATOES,4992,6,4991,20,,,5006,6,5007,20,,,4999.0,0.0,5.5,0.001101431861419755,-5.5
-2,21200,TOMATOES,4987,6,4986,25,,,5000,6,5002,25,,,4993.5,0.0,-5.5,-0.0011002200440087817,4.5
-1,21200,TOMATOES,4991,6,4990,22,,,5005,6,5006,22,,,4998.0,0.0,4.5,0.00090117152297986,-4.0
-2,21300,TOMATOES,4987,9,4986,23,,,5001,9,5002,23,,,4994.0,0.0,-4.0,-0.0008003201280512018,4.5
-1,21300,TOMATOES,4992,8,4991,22,,,5005,8,5007,22,,,4998.5,0.0,4.5,0.0009010812975571714,-5.0
-2,21400,TOMATOES,4987,9,4986,20,,,5000,9,5002,20,,,4993.5,0.0,-5.0,-0.001000300090027051,4.5
-1,21400,TOMATOES,4991,7,4990,15,,,5005,7,5006,15,,,4998.0,0.0,4.5,0.00090117152297986,-4.0
-2,21500,TOMATOES,4987,5,4986,16,,,5001,5,5002,16,,,4994.0,0.0,-4.0,-0.0008003201280512018,5.0
-1,21500,TOMATOES,4992,9,4991,17,,,5006,9,5007,17,,,4999.0,0.0,5.0,0.001001201441729993,-5.5
-2,21600,TOMATOES,4987,6,4986,18,,,5000,6,5002,18,,,4993.5,0.0,-5.5,-0.0011002200440087817,5.5
-1,21600,TOMATOES,4992,8,4991,16,,,5006,8,5007,16,,,4999.0,0.0,5.5,0.001101431861419755,-4.5
-2,21700,TOMATOES,4988,6,4986,18,,,5001,6,5002,18,,,4994.5,0.0,-4.5,-0.0009001800360072254,4.5
-1,21700,TOMATOES,4992,8,4991,20,,,5006,8,5007,20,,,4999.0,0.0,4.5,0.0009009910901991436,-5.0
-2,21800,TOMATOES,4987,10,4986,25,,,5001,10,5002,25,,,4994.0,0.0,-5.0,-0.0010002000400080036,5.0
-1,21800,TOMATOES,4992,6,4991,24,,,5006,6,5007,24,,,4999.0,0.0,5.0,0.001001201441729993,-5.5
-2,21900,TOMATOES,4987,6,4986,18,,,5000,6,5001,18,,,4993.5,0.0,-5.5,-0.0011002200440087817,4.5
-1,21900,TOMATOES,4991,9,4990,21,,,5005,9,5006,21,,,4998.0,0.0,4.5,0.00090117152297986,-5.0
-2,22000,TOMATOES,4986,9,4985,25,,,5000,9,5001,25,,,4993.0,0.0,-5.0,-0.0010004001600639745,5.5
-1,22000,TOMATOES,4992,6,4990,19,,,5005,6,5006,19,,,4998.5,0.0,5.5,0.0011015421590225838,-5.0
-2,22100,TOMATOES,4987,9,4986,19,,,5000,9,5002,19,,,4993.5,0.0,-5.0,-0.001000300090027051,4.5
-1,22100,TOMATOES,4991,7,4990,25,,,5005,7,5006,25,,,4998.0,0.0,4.5,0.00090117152297986,-4.0
-2,22200,TOMATOES,4987,10,4986,24,,,5001,10,5002,24,,,4994.0,0.0,-4.0,-0.0008003201280512018,4.0
-1,22200,TOMATOES,4991,6,4990,16,,,5005,6,5006,16,,,4998.0,0.0,4.0,0.0008009611533841277,-7.5
-2,22300,TOMATOES,4988,9,4987,23,,,4993,9,5001,9,5003.0,23.0,4990.5,0.0,-7.5,-0.0015006002400960172,7.5
-1,22300,TOMATOES,4991,6,4990,23,,,5005,6,5006,23,,,4998.0,0.0,7.5,0.0015028554253080362,-7.5
-2,22400,TOMATOES,4988,7,4986,17,,,4993,11,5001,7,5002.0,17.0,4990.5,0.0,-7.5,-0.0015006002400960172,6.5
-1,22400,TOMATOES,4990,7,4989,18,,,5004,7,5005,18,,,4997.0,0.0,6.5,0.0013024747019336758,-3.0
-2,22500,TOMATOES,4987,9,4986,16,,,5001,9,5002,16,,,4994.0,0.0,-3.0,-0.0006003602161296362,3.5
-1,22500,TOMATOES,4991,9,4989,17,,,5004,9,5005,17,,,4997.5,0.0,3.5,0.0007008410092110839,-4.0
-2,22600,TOMATOES,4987,5,4986,22,,,5000,5,5001,22,,,4993.5,0.0,-4.0,-0.0008004002001000821,7.5
-1,22600,TOMATOES,4998,7,4996,6,4991.0,5.0,5004,5,5005,24,,,5001.0,0.0,7.5,0.0015019525382997667,-7.5
-2,22700,TOMATOES,4987,7,4985,15,,,5000,7,5001,15,,,4993.5,0.0,-7.5,-0.0014997000599880073,4.0
-1,22700,TOMATOES,4991,6,4990,20,,,5004,6,5006,20,,,4997.5,0.0,4.0,0.0008010413537598016,-4.0
-2,22800,TOMATOES,4987,8,4985,23,,,5000,8,5001,23,,,4993.5,0.0,-4.0,-0.0008004002001000821,4.0
-1,22800,TOMATOES,4991,6,4990,24,,,5004,6,5006,24,,,4997.5,0.0,4.0,0.0008010413537598016,-2.5
-2,22900,TOMATOES,4988,8,4987,18,,,5002,8,5003,18,,,4995.0,0.0,-2.5,-0.0005002501250624958,2.5
-1,22900,TOMATOES,4991,10,4989,22,,,5004,10,5005,22,,,4997.5,0.0,2.5,0.0005005005005005447,-3.5
-2,23000,TOMATOES,4987,5,4986,24,,,5001,5,5002,24,,,4994.0,0.0,-3.5,-0.0007003501750875163,2.5
-1,23000,TOMATOES,4990,5,4989,23,,,5003,5,5005,23,,,4996.5,0.0,2.5,0.0005006007208649965,-2.5
-2,23100,TOMATOES,4987,6,4986,23,,,5001,6,5002,23,,,4994.0,0.0,-2.5,-0.000500350245171588,2.5
-1,23100,TOMATOES,4990,8,4989,18,,,5003,8,5005,18,,,4996.5,0.0,2.5,0.0005006007208649965,-2.0
-2,23200,TOMATOES,4988,5,4987,25,,,5001,5,5003,25,,,4994.5,0.0,-2.0,-0.0004002801961372482,2.0
-1,23200,TOMATOES,4990,10,4988,17,,,5003,10,5004,17,,,4996.5,0.0,2.0,0.0004004404845330267,1.0
-2,23300,TOMATOES,4993,4,4988,9,4987.0,19.0,5002,9,5003,19,,,4997.5,0.0,1.0,0.0002001400980686796,-1.5
-1,23300,TOMATOES,4989,9,4988,23,,,5003,9,5004,23,,,4996.0,0.0,-1.5,-0.00030015007503747526,-0.5
-2,23400,TOMATOES,4989,5,4987,25,,,5002,5,5003,25,,,4995.5,0.0,-0.5,-0.00010008006405126668,0.5
-1,23400,TOMATOES,4989,5,4988,15,,,5003,5,5004,15,,,4996.0,0.0,0.5,0.0001000900810730343,-1.0
-2,23500,TOMATOES,4988,6,4987,15,,,5002,6,5003,15,,,4995.0,0.0,-1.0,-0.00020016012810253336,0.5
-1,23500,TOMATOES,4989,7,4988,24,,,5002,7,5004,24,,,4995.5,0.0,0.5,0.00010010010010019776,0.0
-2,23600,TOMATOES,4989,7,4987,20,,,5002,7,5003,20,,,4995.5,0.0,0.0,0.0,0.5
-1,23600,TOMATOES,4989,10,4988,15,,,5003,10,5004,15,,,4996.0,0.0,0.5,0.0001000900810730343,-0.5
-2,23700,TOMATOES,4989,9,4987,22,,,5002,9,5003,22,,,4995.5,0.0,-0.5,-0.00010008006405126668,0.5
-1,23700,TOMATOES,4989,7,4988,22,,,5003,7,5004,22,,,4996.0,0.0,0.5,0.0001000900810730343,-1.5
-2,23800,TOMATOES,4988,6,4987,18,,,5001,6,5003,18,,,4994.5,0.0,-1.5,-0.000300240192153689,1.0
-1,23800,TOMATOES,4989,5,4988,23,,,5002,5,5004,23,,,4995.5,0.0,1.0,0.00020022024226640234,-1.0
-2,23900,TOMATOES,4988,5,4986,24,,,5001,5,5002,24,,,4994.5,0.0,-1.0,-0.00020018016214595757,0.5
-1,23900,TOMATOES,4988,5,4987,24,,,5002,5,5003,24,,,4995.0,0.0,0.5,0.00010011012113331219,-1.0
-2,24000,TOMATOES,4987,6,4986,19,,,5001,6,5002,19,,,4994.0,0.0,-1.0,-0.00020020020020017348,0.5
-1,24000,TOMATOES,4988,5,4987,24,,,5001,5,5003,24,,,4994.5,0.0,0.5,0.00010012014417304371,-0.5
-2,24100,TOMATOES,4987,9,4986,16,,,5001,9,5002,16,,,4994.0,0.0,-0.5,-0.00010011012113320117,1.5
-1,24100,TOMATOES,4989,7,4987,19,,,5002,7,5003,19,,,4995.5,0.0,1.5,0.00030036043251913114,-1.5
-2,24200,TOMATOES,4987,7,4986,20,,,5001,7,5002,20,,,4994.0,0.0,-1.5,-0.00030027024321888085,1.5
-1,24200,TOMATOES,4989,10,4988,18,,,5002,10,5004,18,,,4995.5,0.0,1.5,0.00030036043251913114,-2.0
-2,24300,TOMATOES,4987,5,4986,24,,,5000,5,5002,24,,,4993.5,0.0,-2.0,-0.00040036032429191515,2.0
-1,24300,TOMATOES,4989,6,4988,19,,,5002,6,5004,19,,,4995.5,0.0,2.0,0.0004005206768800118,-2.0
-2,24400,TOMATOES,4987,9,4986,19,,,5000,9,5002,19,,,4993.5,0.0,-2.0,-0.00040036032429191515,2.5
-1,24400,TOMATOES,4989,9,4988,22,,,5003,9,5004,22,,,4996.0,0.0,2.5,0.0005006508460998482,-2.0
-2,24500,TOMATOES,4987,6,4986,22,,,5001,6,5002,22,,,4994.0,0.0,-2.0,-0.0004003202562049557,1.5
-1,24500,TOMATOES,4989,5,4988,24,,,5002,5,5004,24,,,4995.5,0.0,1.5,0.00030036043251913114,-1.0
-2,24600,TOMATOES,4988,7,4986,22,,,5001,7,5002,22,,,4994.5,0.0,-1.0,-0.00020018016214595757,0.5
-1,24600,TOMATOES,4988,5,4987,23,,,5002,5,5003,23,,,4995.0,0.0,0.5,0.00010011012113331219,0.0
-2,24700,TOMATOES,4988,8,4987,21,,,5002,8,5003,21,,,4995.0,0.0,0.0,0.0,-0.5
-1,24700,TOMATOES,4988,9,4987,25,,,5001,9,5003,25,,,4994.5,0.0,-0.5,-0.00010010010010008674,0.0
-2,24800,TOMATOES,4988,10,4987,19,,,5001,10,5003,19,,,4994.5,0.0,0.0,0.0,1.0
-1,24800,TOMATOES,4989,8,4988,23,,,5002,8,5004,23,,,4995.5,0.0,1.0,0.00020022024226640234,-0.5
-2,24900,TOMATOES,4988,8,4987,15,,,5002,8,5003,15,,,4995.0,0.0,-0.5,-0.00010009008107292328,0.0
-1,24900,TOMATOES,4988,6,4987,20,,,5002,6,5003,20,,,4995.0,0.0,0.0,0.0,0.0
-2,25000,TOMATOES,4988,5,4987,23,,,5002,5,5003,23,,,4995.0,0.0,0.0,0.0,0.0
-1,25000,TOMATOES,4988,6,4987,21,,,5002,6,5003,21,,,4995.0,0.0,0.0,0.0,-0.5
-2,25100,TOMATOES,4988,6,4987,23,,,5001,6,5003,23,,,4994.5,0.0,-0.5,-0.00010010010010008674,0.5
-1,25100,TOMATOES,4988,7,4987,16,,,5002,7,5003,16,,,4995.0,0.0,0.5,0.00010011012113331219,-0.5
-2,25200,TOMATOES,4988,8,4986,18,,,5001,8,5002,18,,,4994.5,0.0,-0.5,-0.00010010010010008674,1.0
-1,25200,TOMATOES,4989,5,4988,18,,,5002,5,5004,18,,,4995.5,0.0,1.0,0.00020022024226640234,0.0
-1,25300,TOMATOES,4989,8,4987,16,,,5002,8,5003,16,,,4995.5,0.0,0.0,0.0,-0.5
-2,25300,TOMATOES,4988,8,4987,22,,,5002,8,5003,22,,,4995.0,0.0,-0.5,-0.00010009008107292328,1.0
-1,25400,TOMATOES,4989,7,4988,20,,,5003,7,5004,20,,,4996.0,0.0,1.0,0.00020020020020017348,-1.0
-2,25400,TOMATOES,4988,8,4987,19,,,5002,8,5003,19,,,4995.0,0.0,-1.0,-0.00020016012810253336,1.0
-1,25500,TOMATOES,4989,10,4988,16,,,5003,10,5004,16,,,4996.0,0.0,1.0,0.00020020020020017348,-1.0
-2,25500,TOMATOES,4988,8,4987,19,,,5002,8,5003,19,,,4995.0,0.0,-1.0,-0.00020016012810253336,1.0
-1,25600,TOMATOES,4989,6,4988,16,,,5003,6,5004,16,,,4996.0,0.0,1.0,0.00020020020020017348,-1.0
-2,25600,TOMATOES,4988,7,4987,17,,,5002,7,5003,17,,,4995.0,0.0,-1.0,-0.00020016012810253336,1.0
-1,25700,TOMATOES,4989,9,4988,17,,,5003,9,5004,17,,,4996.0,0.0,1.0,0.00020020020020017348,-1.5
-2,25700,TOMATOES,4988,8,4987,18,,,5001,8,5003,18,,,4994.5,0.0,-1.5,-0.000300240192153689,1.5
-1,25800,TOMATOES,4989,7,4988,16,,,5003,7,5004,16,,,4996.0,0.0,1.5,0.00030033036339971453,2.5
-2,25800,TOMATOES,4994,3,4989,7,4988.0,23.0,5003,7,5004,23,,,4998.5,0.0,2.5,0.0005004003202562224,-3.0
-1,25900,TOMATOES,4989,10,4988,23,,,5002,10,5004,23,,,4995.5,0.0,-3.0,-0.0006001800540161861,0.5
-2,25900,TOMATOES,4989,5,4988,22,,,5003,5,5004,22,,,4996.0,0.0,0.5,0.0001000900810730343,-1.0
-1,26000,TOMATOES,4988,10,4987,24,,,5002,10,5003,24,,,4995.0,0.0,-1.0,-0.00020016012810253336,2.0
-2,26000,TOMATOES,4990,7,4989,18,,,5004,7,5005,18,,,4997.0,0.0,2.0,0.00040040040040034697,-2.0
-1,26100,TOMATOES,4988,8,4987,17,,,5002,8,5003,17,,,4995.0,0.0,-2.0,-0.00040024014408646114,2.0
-2,26100,TOMATOES,4990,10,4989,25,,,5004,10,5005,25,,,4997.0,0.0,2.0,0.00040040040040034697,-2.0
-1,26200,TOMATOES,4988,7,4987,22,,,5002,7,5003,22,,,4995.0,0.0,-2.0,-0.00040024014408646114,2.5
-2,26200,TOMATOES,4991,9,4989,19,,,5004,9,5005,19,,,4997.5,0.0,2.5,0.0005005005005005447,-3.5
-1,26300,TOMATOES,4987,7,4986,22,,,5001,7,5002,22,,,4994.0,0.0,-3.5,-0.0007003501750875163,4.0
-2,26300,TOMATOES,4991,6,4990,25,,,5005,6,5006,25,,,4998.0,0.0,4.0,0.0008009611533841277,-3.5
-1,26400,TOMATOES,4988,9,4986,23,,,5001,9,5002,23,,,4994.5,0.0,-3.5,-0.0007002801120448154,3.0
-2,26400,TOMATOES,4991,8,4989,15,,,5004,8,5005,15,,,4997.5,0.0,3.0,0.0006006607267994291,-3.0
-1,26500,TOMATOES,4988,5,4986,25,,,5001,5,5002,25,,,4994.5,0.0,-3.0,-0.0006003001500750615,2.0
-2,26500,TOMATOES,4990,5,4988,18,,,5003,5,5004,18,,,4996.5,0.0,2.0,0.0004004404845330267,-2.5
-1,26600,TOMATOES,4987,9,4986,19,,,5001,9,5002,19,,,4994.0,0.0,-2.5,-0.000500350245171588,2.0
-2,26600,TOMATOES,4989,6,4988,18,,,5003,6,5004,18,,,4996.0,0.0,2.0,0.0004004805766919528,-1.0
-1,26700,TOMATOES,4988,10,4987,21,,,5002,10,5003,21,,,4995.0,0.0,-1.0,-0.00020016012810253336,3.0
-2,26700,TOMATOES,4994,2,4989,10,4988.0,21.0,5002,10,5004,21,,,4998.0,0.0,3.0,0.0006006006006005205,-6.5
-1,26800,TOMATOES,4989,7,4987,18,,,4994,6,5002,7,5003.0,18.0,4991.5,0.0,-6.5,-0.0013005202080832445,0.0
-2,26800,TOMATOES,4989,7,4987,25,,,4994,12,5002,7,5003.0,25.0,4991.5,0.0,0.0,0.0,3.5
-2,26900,TOMATOES,4988,6,4987,24,,,5002,6,5003,24,,,4995.0,0.0,3.5,0.00070119202644503,-0.5
-1,26900,TOMATOES,4988,5,4987,22,,,5001,5,5003,22,,,4994.5,0.0,-0.5,-0.00010010010010008674,0.0
-2,27000,TOMATOES,4988,9,4987,18,,,5001,9,5003,18,,,4994.5,0.0,0.0,0.0,0.5
-1,27000,TOMATOES,4988,9,4987,20,,,5002,9,5003,20,,,4995.0,0.0,0.5,0.00010011012113331219,0.0
-2,27100,TOMATOES,4988,8,4987,17,,,5002,8,5003,17,,,4995.0,0.0,0.0,0.0,0.5
-1,27100,TOMATOES,4989,8,4987,20,,,5002,8,5003,20,,,4995.5,0.0,0.5,0.00010010010010019776,0.0
-2,27200,TOMATOES,4989,6,4987,21,,,5002,6,5003,21,,,4995.5,0.0,0.0,0.0,-0.5
-1,27200,TOMATOES,4988,5,4987,20,,,5002,5,5003,20,,,4995.0,0.0,-0.5,-0.00010009008107292328,-0.5
-2,27300,TOMATOES,4988,10,4987,21,,,5001,10,5003,21,,,4994.5,0.0,-0.5,-0.00010010010010008674,0.5
-1,27300,TOMATOES,4988,10,4987,22,,,5002,10,5003,22,,,4995.0,0.0,0.5,0.00010011012113331219,-3.5
-2,27400,TOMATOES,4988,10,4987,24,,,4995,6,5001,10,5003.0,24.0,4991.5,0.0,-3.5,-0.0007007007007007182,7.0
-1,27400,TOMATOES,4995,11,4988,9,4987.0,17.0,5002,9,5003,17,,,4998.5,0.0,7.0,0.001402384052889838,-4.0
-2,27500,TOMATOES,4988,8,4987,15,,,5001,8,5003,15,,,4994.5,0.0,-4.0,-0.0008002400720216185,0.0
-1,27500,TOMATOES,4988,10,4986,22,,,5001,10,5002,22,,,4994.5,0.0,0.0,0.0,0.5
-2,27600,TOMATOES,4988,8,4987,19,,,5002,8,5003,19,,,4995.0,0.0,0.5,0.00010011012113331219,-1.0
-1,27600,TOMATOES,4987,7,4986,18,,,5001,7,5002,18,,,4994.0,0.0,-1.0,-0.00020020020020017348,4.0
-2,27700,TOMATOES,4994,3,4988,7,4987.0,21.0,5002,7,5003,21,,,4998.0,0.0,4.0,0.0008009611533841277,-4.0
-1,27700,TOMATOES,4987,8,4986,24,,,5001,8,5002,24,,,4994.0,0.0,-4.0,-0.0008003201280512018,0.0
-1,27800,TOMATOES,4987,7,4986,19,,,5001,7,5002,19,,,4994.0,0.0,0.0,0.0,0.5
-2,27800,TOMATOES,4988,9,4986,17,,,5001,9,5002,17,,,4994.5,0.0,0.5,0.00010012014417304371,-0.5
-2,27900,TOMATOES,4987,10,4986,15,,,5001,10,5002,15,,,4994.0,0.0,-0.5,-0.00010011012113320117,-0.5
-1,27900,TOMATOES,4987,8,4985,19,,,5000,8,5001,19,,,4993.5,0.0,-0.5,-0.00010012014417304371,0.0
-2,28000,TOMATOES,4987,7,4986,16,,,5000,7,5002,16,,,4993.5,0.0,0.0,0.0,0.0
-1,28000,TOMATOES,4987,5,4986,19,,,5000,5,5002,19,,,4993.5,0.0,0.0,0.0,-3.0
-2,28100,TOMATOES,4987,6,4986,22,,,4994,5,5001,6,5002.0,22.0,4990.5,0.0,-3.0,-0.0006007810153199067,3.0
-1,28100,TOMATOES,4987,5,4986,24,,,5000,5,5002,24,,,4993.5,0.0,3.0,0.0006011421701233033,1.0
-2,28200,TOMATOES,4988,10,4986,21,,,5001,10,5002,21,,,4994.5,0.0,1.0,0.00020026033843989488,-0.5
-1,28200,TOMATOES,4987,5,4986,24,,,5001,5,5002,24,,,4994.0,0.0,-0.5,-0.00010011012113320117,0.0
-1,28300,TOMATOES,4987,9,4986,25,,,5001,9,5002,25,,,4994.0,0.0,0.0,0.0,1.5
-2,28300,TOMATOES,4989,7,4987,21,,,5002,7,5003,21,,,4995.5,0.0,1.5,0.00030036043251913114,-2.5
-1,28400,TOMATOES,4986,9,4985,18,,,5000,9,5001,18,,,4993.0,0.0,-2.5,-0.0005004504053648384,2.0
-2,28400,TOMATOES,4988,7,4987,17,,,5002,7,5003,17,,,4995.0,0.0,2.0,0.0004005607850992021,0.0
-2,28500,TOMATOES,4988,5,4987,22,,,5002,5,5003,22,,,4995.0,0.0,0.0,0.0,-2.0
-1,28500,TOMATOES,4986,9,4985,20,,,5000,9,5001,20,,,4993.0,0.0,-2.0,-0.00040040040040034697,0.0
-1,28600,TOMATOES,4986,5,4985,15,,,5000,5,5001,15,,,4993.0,0.0,0.0,0.0,1.5
-2,28600,TOMATOES,4988,7,4986,24,,,5001,7,5002,24,,,4994.5,0.0,1.5,0.0003004205888244016,4.0
-2,28700,TOMATOES,4995,12,4988,5,4987.0,23.0,5002,5,5003,23,,,4998.5,0.0,4.0,0.0008008809690660534,-5.0
-1,28700,TOMATOES,4987,8,4985,17,,,5000,8,5001,17,,,4993.5,0.0,-5.0,-0.001000300090027051,1.5
-2,28800,TOMATOES,4988,7,4987,24,,,5002,7,5003,24,,,4995.0,0.0,1.5,0.00030039050765995334,-1.5
-1,28800,TOMATOES,4987,5,4985,22,,,5000,5,5001,22,,,4993.5,0.0,-1.5,-0.0003003003003002602,1.5
-2,28900,TOMATOES,4988,5,4987,23,,,5002,5,5003,23,,,4995.0,0.0,1.5,0.00030039050765995334,2.0
-1,28900,TOMATOES,4994,6,4986,10,4985.0,21.0,5000,10,5001,21,,,4997.0,0.0,2.0,0.00040040040040034697,-1.0
-2,29000,TOMATOES,4989,8,4988,17,,,5003,8,5004,17,,,4996.0,0.0,-1.0,-0.00020012007204317506,-3.0
-1,29000,TOMATOES,4986,10,4985,18,,,5000,10,5001,18,,,4993.0,0.0,-3.0,-0.0006004803843074891,-1.0
-1,29100,TOMATOES,4985,6,4984,23,,,4999,6,5000,23,,,4992.0,0.0,-1.0,-0.00020028039254960106,4.0
-2,29100,TOMATOES,4989,5,4988,16,,,5003,5,5004,16,,,4996.0,0.0,4.0,0.0008012820512821595,0.5
-2,29200,TOMATOES,4990,7,4989,23,,,5003,7,5004,23,,,4996.5,0.0,0.5,0.00010008006405115566,-3.5
-1,29200,TOMATOES,4986,5,4985,21,,,5000,5,5001,21,,,4993.0,0.0,-3.5,-0.0007004903432402676,-0.5
-1,29300,TOMATOES,4986,8,4984,22,,,4999,8,5000,22,,,4992.5,0.0,-0.5,-0.00010014019627480053,4.0
-2,29300,TOMATOES,4990,10,4989,23,,,5003,10,5005,23,,,4996.5,0.0,4.0,0.0008012018027041545,-4.0
-1,29400,TOMATOES,4986,6,4984,23,,,4999,6,5000,23,,,4992.5,0.0,-4.0,-0.0008005603922746074,5.0
-2,29400,TOMATOES,4991,5,4989,22,,,5004,5,5005,22,,,4997.5,0.0,5.0,0.0010015022533800266,0.0
-2,29500,TOMATOES,4991,6,4989,19,,,5004,6,5005,19,,,4997.5,0.0,0.0,0.0,-6.0
-1,29500,TOMATOES,4985,7,4984,22,,,4998,7,5000,22,,,4991.5,0.0,-6.0,-0.001200600300150123,-0.5
-1,29600,TOMATOES,4984,6,4983,25,,,4998,6,4999,25,,,4991.0,0.0,-0.5,-0.000100170289492163,6.5
-2,29600,TOMATOES,4991,6,4990,24,,,5004,6,5006,24,,,4997.5,0.0,6.5,0.0013023442195951862,-7.0
-1,29700,TOMATOES,4984,8,4982,24,,,4997,8,4998,24,,,4990.5,0.0,-7.0,-0.0014007003501750326,7.0
-2,29700,TOMATOES,4991,5,4990,17,,,5004,5,5006,17,,,4997.5,0.0,7.0,0.001402665063620967,-7.5
-1,29800,TOMATOES,4983,10,4982,20,,,4997,10,4998,20,,,4990.0,0.0,-7.5,-0.0015007503751875984,8.0
-2,29800,TOMATOES,4991,9,4990,22,,,5005,9,5006,22,,,4998.0,0.0,8.0,0.0016032064128257417,-8.0
-1,29900,TOMATOES,4983,9,4982,17,,,4997,9,4998,17,,,4990.0,0.0,-8.0,-0.0016006402561024036,7.5
-2,29900,TOMATOES,4991,10,4989,21,,,5004,10,5005,21,,,4997.5,0.0,7.5,0.0015030060120240218,-12.0
-1,30000,TOMATOES,4983,5,4982,16,,,4988,7,4997,5,4998.0,16.0,4985.5,0.0,-12.0,-0.002401200600300135,11.5
-2,30000,TOMATOES,4990,5,4989,24,,,5004,5,5005,24,,,4997.0,0.0,11.5,0.002306689399257822,3.0
-2,30100,TOMATOES,4996,6,4991,10,4990.0,22.0,5004,10,5006,22,,,5000.0,0.0,3.0,0.0006003602161297472,-11.0
-1,30100,TOMATOES,4982,9,4981,22,,,4996,9,4997,22,,,4989.0,0.0,-11.0,-0.0021999999999999797,9.5
-2,30200,TOMATOES,4992,6,4990,24,,,5005,6,5006,24,,,4998.5,0.0,9.5,0.0019041892162758867,-9.0
-1,30200,TOMATOES,4983,9,4982,20,,,4996,9,4998,20,,,4989.5,0.0,-9.0,-0.0018005401620486694,8.0
-2,30300,TOMATOES,4991,7,4990,19,,,5004,7,5006,19,,,4997.5,0.0,8.0,0.001603367070848849,-8.0
-1,30300,TOMATOES,4983,6,4982,25,,,4996,6,4998,25,,,4989.5,0.0,-8.0,-0.001600800400200053,2.0
-1,30400,TOMATOES,4987,5,4982,8,4981.0,25.0,4996,8,4997,25,,,4991.5,0.0,2.0,0.00040084176771215674,5.5
-2,30400,TOMATOES,4990,9,4989,19,,,5004,9,5005,19,,,4997.0,0.0,5.5,0.00110187318441346,-8.0
-1,30500,TOMATOES,4982,10,4981,21,,,4996,10,4997,21,,,4989.0,0.0,-8.0,-0.0016009605763458445,4.0
-2,30500,TOMATOES,4990,5,4989,18,,,4996,8,5004,5,5005.0,18.0,4993.0,0.0,4.0,0.0008017638805370986,-3.0
-1,30600,TOMATOES,4983,5,4982,16,,,4997,5,4998,16,,,4990.0,0.0,-3.0,-0.0006008411776486922,8.0
-2,30600,TOMATOES,4991,10,4990,21,,,5005,10,5006,21,,,4998.0,0.0,8.0,0.0016032064128257417,-8.0
-1,30700,TOMATOES,4983,10,4982,18,,,4997,10,4998,18,,,4990.0,0.0,-8.0,-0.0016006402561024036,8.5
-2,30700,TOMATOES,4992,9,4990,21,,,5005,9,5006,21,,,4998.5,0.0,8.5,0.0017034068136272396,-8.5
-1,30800,TOMATOES,4983,6,4982,21,,,4997,6,4998,21,,,4990.0,0.0,-8.5,-0.0017005101530459532,7.5
-2,30800,TOMATOES,4991,7,4990,23,,,5004,7,5006,23,,,4997.5,0.0,7.5,0.0015030060120240218,-8.5
-1,30900,TOMATOES,4982,9,4981,18,,,4996,9,4997,18,,,4989.0,0.0,-8.5,-0.0017008504252126189,5.5
-2,30900,TOMATOES,4992,6,4990,16,,,4997,11,5005,6,5006.0,16.0,4994.5,0.0,5.5,0.001102425335738566,-2.0
-1,31000,TOMATOES,4988,4,4983,8,4982.0,25.0,4997,8,4998,25,,,4992.5,0.0,-2.0,-0.0004004404845330267,6.0
-2,31000,TOMATOES,4992,5,4991,22,,,5005,5,5007,22,,,4998.5,0.0,6.0,0.0012018027040561208,-7.5
-1,31100,TOMATOES,4984,8,4983,17,,,4998,8,4999,17,,,4991.0,0.0,-7.5,-0.0015004501350405208,7.5
-2,31100,TOMATOES,4992,8,4991,16,,,5005,8,5007,16,,,4998.5,0.0,7.5,0.0015027048687636935,-8.0
-1,31200,TOMATOES,4984,10,4983,17,,,4997,10,4999,17,,,4990.5,0.0,-8.0,-0.001600480144043237,8.0
-2,31200,TOMATOES,4992,10,4991,23,,,5005,10,5007,23,,,4998.5,0.0,8.0,0.0016030457869953274,-8.5
-1,31300,TOMATOES,4983,5,4982,25,,,4997,5,4998,25,,,4990.0,0.0,-8.5,-0.0017005101530459532,7.5
-2,31300,TOMATOES,4991,6,4989,19,,,5004,6,5005,19,,,4997.5,0.0,7.5,0.0015030060120240218,-7.0
-1,31400,TOMATOES,4984,9,4982,24,,,4997,9,4998,24,,,4990.5,0.0,-7.0,-0.0014007003501750326,6.5
-2,31400,TOMATOES,4990,10,4989,21,,,5004,10,5005,21,,,4997.0,0.0,6.5,0.0013024747019336758,0.0
-2,31500,TOMATOES,4990,7,4989,21,,,5004,7,5005,21,,,4997.0,0.0,0.0,0.0,-7.0
-1,31500,TOMATOES,4983,9,4982,24,,,4997,9,4998,24,,,4990.0,0.0,-7.0,-0.0014008405043025585,7.0
-2,31600,TOMATOES,4990,8,4989,23,,,5004,8,5005,23,,,4997.0,0.0,7.0,0.001402805611222524,-7.0
-1,31600,TOMATOES,4983,9,4982,19,,,4997,9,4998,19,,,4990.0,0.0,-7.0,-0.0014008405043025585,7.5
-2,31700,TOMATOES,4991,10,4989,23,,,5004,10,5005,23,,,4997.5,0.0,7.5,0.0015030060120240218,-7.5
-1,31700,TOMATOES,4983,8,4982,25,,,4997,8,4998,25,,,4990.0,0.0,-7.5,-0.0015007503751875984,2.5
-1,31800,TOMATOES,4988,6,4983,9,4982.0,22.0,4997,9,4998,22,,,4992.5,0.0,2.5,0.0005010020040079333,6.0
-2,31800,TOMATOES,4992,9,4990,15,,,5005,9,5006,15,,,4998.5,0.0,6.0,0.0012018027040561208,-9.0
-1,31900,TOMATOES,4983,10,4982,21,,,4996,10,4998,21,,,4989.5,0.0,-9.0,-0.0018005401620486694,9.5
-2,31900,TOMATOES,4992,5,4991,20,,,5006,5,5007,20,,,4999.0,0.0,9.5,0.001903998396632911,-0.5
-2,32000,TOMATOES,4992,7,4990,17,,,5005,7,5006,17,,,4998.5,0.0,-0.5,-0.00010002000400077815,-8.5
-1,32000,TOMATOES,4983,6,4982,24,,,4997,6,4998,24,,,4990.0,0.0,-8.5,-0.0017005101530459532,0.5
-1,32100,TOMATOES,4984,10,4982,19,,,4997,10,4998,19,,,4990.5,0.0,0.5,0.00010020040080149784,8.5
-2,32100,TOMATOES,4992,5,4991,24,,,5006,5,5007,24,,,4999.0,0.0,8.5,0.0017032361486823966,-0.5
-2,32200,TOMATOES,4992,6,4990,20,,,5005,6,5006,20,,,4998.5,0.0,-0.5,-0.00010002000400077815,-8.0
-1,32200,TOMATOES,4984,9,4982,16,,,4997,9,4998,16,,,4990.5,0.0,-8.0,-0.001600480144043237,0.0
-1,32300,TOMATOES,4984,10,4983,17,,,4997,10,4999,17,,,4990.5,0.0,0.0,0.0,7.0
-2,32300,TOMATOES,4991,9,4990,19,,,5004,9,5006,19,,,4997.5,0.0,7.0,0.001402665063620967,-7.0
-1,32400,TOMATOES,4984,9,4983,23,,,4997,9,4999,23,,,4990.5,0.0,-7.0,-0.0014007003501750326,8.0
-2,32400,TOMATOES,4992,9,4990,22,,,5005,9,5006,22,,,4998.5,0.0,8.0,0.0016030457869953274,-7.5
-1,32500,TOMATOES,4984,9,4983,25,,,4998,9,4999,25,,,4991.0,0.0,-7.5,-0.0015004501350405208,8.0
-2,32500,TOMATOES,4992,5,4991,20,,,5006,5,5007,20,,,4999.0,0.0,8.0,0.0016028851933480581,-0.5
-2,32600,TOMATOES,4992,10,4990,17,,,5005,10,5006,17,,,4998.5,0.0,-0.5,-0.00010002000400077815,-7.0
-1,32600,TOMATOES,4985,6,4983,24,,,4998,6,4999,24,,,4991.5,0.0,-7.0,-0.0014004201260378046,-0.5
-1,32700,TOMATOES,4984,9,4983,15,,,4998,9,4999,15,,,4991.0,0.0,-0.5,-0.000100170289492163,6.0
-2,32700,TOMATOES,4990,5,4989,24,,,5004,5,5005,24,,,4997.0,0.0,6.0,0.0012021638950110436,-5.5
-1,32800,TOMATOES,4985,5,4984,19,,,4998,5,5000,19,,,4991.5,0.0,-5.5,-0.0011006603962377959,2.0
-2,32800,TOMATOES,4990,10,4989,24,,,4997,5,5003,10,5005.0,24.0,4993.5,0.0,2.0,0.000400681157968652,4.0
-2,32900,TOMATOES,4991,8,4989,16,,,5004,8,5005,16,,,4997.5,0.0,4.0,0.0008010413537598016,-6.0
-1,32900,TOMATOES,4985,8,4984,15,,,4998,8,5000,15,,,4991.5,0.0,-6.0,-0.001200600300150123,7.0
-2,33000,TOMATOES,4992,7,4991,25,,,5005,7,5007,25,,,4998.5,0.0,7.0,0.001402384052889838,-6.5
-1,33000,TOMATOES,4985,6,4984,19,,,4999,6,5000,19,,,4992.0,0.0,-6.5,-0.0013003901170350884,-1.0
-1,33100,TOMATOES,4984,7,4983,25,,,4998,7,4999,25,,,4991.0,0.0,-1.0,-0.00020032051282048435,8.0
-2,33100,TOMATOES,4992,6,4991,18,,,5006,6,5007,18,,,4999.0,0.0,8.0,0.0016028851933480581,-1.0
-2,33200,TOMATOES,4991,7,4990,23,,,5005,7,5006,23,,,4998.0,0.0,-1.0,-0.0002000400080015563,-11.5
-1,33200,TOMATOES,4984,9,4983,24,,,4989,8,4998,9,4999.0,24.0,4986.5,0.0,-11.5,-0.002300920368147219,11.5
-2,33300,TOMATOES,4991,6,4990,21,,,5005,6,5006,21,,,4998.0,0.0,11.5,0.0023062268123934526,-7.5
-1,33300,TOMATOES,4984,6,4982,16,,,4997,6,4998,16,,,4990.5,0.0,-7.5,-0.0015006002400960172,8.0
-2,33400,TOMATOES,4992,9,4991,20,,,5005,9,5007,20,,,4998.5,0.0,8.0,0.0016030457869953274,-7.0
-1,33400,TOMATOES,4985,10,4983,20,,,4998,10,4999,20,,,4991.5,0.0,-7.0,-0.0014004201260378046,0.0
-1,33500,TOMATOES,4985,6,4983,25,,,4998,6,4999,25,,,4991.5,0.0,0.0,0.0,7.0
-2,33500,TOMATOES,4992,9,4991,19,,,5005,9,5007,19,,,4998.5,0.0,7.0,0.001402384052889838,0.0
-2,33600,TOMATOES,4992,10,4990,22,,,5005,10,5006,22,,,4998.5,0.0,0.0,0.0,-7.5
-1,33600,TOMATOES,4984,6,4983,21,,,4998,6,4999,21,,,4991.0,0.0,-7.5,-0.0015004501350405208,-0.5
-1,33700,TOMATOES,4984,7,4983,18,,,4997,7,4999,18,,,4990.5,0.0,-0.5,-0.00010018032458425363,8.0
-2,33700,TOMATOES,4992,7,4990,16,,,5005,7,5006,16,,,4998.5,0.0,8.0,0.0016030457869953274,-0.5
-2,33800,TOMATOES,4991,6,4990,17,,,5005,6,5006,17,,,4998.0,0.0,-0.5,-0.00010003000900271619,-7.0
-1,33800,TOMATOES,4984,7,4983,18,,,4998,7,4999,18,,,4991.0,0.0,-7.0,-0.0014005602240896309,0.0
-1,33900,TOMATOES,4984,10,4983,21,,,4998,10,4999,21,,,4991.0,0.0,0.0,0.0,7.5
-2,33900,TOMATOES,4992,6,4990,17,,,5005,6,5006,17,,,4998.5,0.0,7.5,0.0015027048687636935,-0.5
-2,34000,TOMATOES,4991,8,4990,21,,,5005,8,5006,21,,,4998.0,0.0,-0.5,-0.00010003000900271619,-6.5
-1,34000,TOMATOES,4985,8,4983,18,,,4998,8,4999,18,,,4991.5,0.0,-6.5,-0.0013005202080832445,6.5
-2,34100,TOMATOES,4991,6,4990,19,,,5005,6,5006,19,,,4998.0,0.0,6.5,0.001302213763397786,-7.5
-1,34100,TOMATOES,4984,10,4983,23,,,4997,10,4999,23,,,4990.5,0.0,-7.5,-0.0015006002400960172,7.5
-2,34200,TOMATOES,4991,9,4990,16,,,5005,9,5006,16,,,4998.0,0.0,7.5,0.0015028554253080362,-8.0
-1,34200,TOMATOES,4983,10,4982,18,,,4997,10,4998,18,,,4990.0,0.0,-8.0,-0.0016006402561024036,0.0
-1,34300,TOMATOES,4983,6,4982,22,,,4997,6,4998,22,,,4990.0,0.0,0.0,0.0,7.5
-2,34300,TOMATOES,4991,10,4989,18,,,5004,10,5005,18,,,4997.5,0.0,7.5,0.0015030060120240218,1.0
-2,34400,TOMATOES,4992,8,4991,20,,,5005,8,5007,20,,,4998.5,0.0,1.0,0.0002001000500249095,-8.0
-1,34400,TOMATOES,4984,5,4982,16,,,4997,5,4998,16,,,4990.5,0.0,-8.0,-0.001600480144043237,8.0
-2,34500,TOMATOES,4992,6,4990,21,,,5005,6,5006,21,,,4998.5,0.0,8.0,0.0016030457869953274,-8.0
-1,34500,TOMATOES,4984,8,4983,20,,,4997,8,4999,20,,,4990.5,0.0,-8.0,-0.001600480144043237,8.0
-2,34600,TOMATOES,4992,5,4990,15,,,5005,5,5006,15,,,4998.5,0.0,8.0,0.0016030457869953274,-8.0
-1,34600,TOMATOES,4984,10,4983,25,,,4997,10,4999,25,,,4990.5,0.0,-8.0,-0.001600480144043237,8.5
-2,34700,TOMATOES,4992,9,4991,16,,,5006,9,5007,16,,,4999.0,0.0,8.5,0.0017032361486823966,-8.0
-1,34700,TOMATOES,4984,10,4983,22,,,4998,10,4999,22,,,4991.0,0.0,-8.0,-0.0016003200640127835,8.5
-2,34800,TOMATOES,4993,8,4991,15,,,5006,8,5007,15,,,4999.5,0.0,8.5,0.0017030655179322007,-7.5
-1,34800,TOMATOES,4985,10,4984,20,,,4999,10,5000,20,,,4992.0,0.0,-7.5,-0.001500150015001478,7.5
-2,34900,TOMATOES,4993,10,4992,19,,,5006,10,5008,19,,,4999.5,0.0,7.5,0.0015024038461537437,-8.0
-1,34900,TOMATOES,4985,10,4984,22,,,4998,10,5000,22,,,4991.5,0.0,-8.0,-0.001600160016001606,8.0
-2,35000,TOMATOES,4993,6,4991,18,,,5006,6,5007,18,,,4999.5,0.0,8.0,0.001602724631874164,-7.5
-1,35000,TOMATOES,4985,8,4984,25,,,4999,8,5000,25,,,4992.0,0.0,-7.5,-0.001500150015001478,7.5
-2,35100,TOMATOES,4993,8,4992,17,,,5006,8,5008,17,,,4999.5,0.0,7.5,0.0015024038461537437,-6.5
-1,35100,TOMATOES,4986,5,4985,15,,,5000,5,5001,15,,,4993.0,0.0,-6.5,-0.0013001300130013327,6.5
-2,35200,TOMATOES,4993,6,4992,20,,,5006,6,5008,20,,,4999.5,0.0,6.5,0.0013018225515721848,-6.5
-1,35200,TOMATOES,4986,8,4985,15,,,5000,8,5001,15,,,4993.0,0.0,-6.5,-0.0013001300130013327,6.0
-2,35300,TOMATOES,4992,10,4991,25,,,5006,10,5007,25,,,4999.0,0.0,6.0,0.0012016823552973843,-6.0
-1,35300,TOMATOES,4986,9,4985,22,,,5000,9,5001,22,,,4993.0,0.0,-6.0,-0.0012002400480095599,6.0
-2,35400,TOMATOES,4992,5,4991,16,,,5006,5,5007,16,,,4999.0,0.0,6.0,0.0012016823552973843,-5.5
-1,35400,TOMATOES,4987,7,4985,16,,,5000,7,5001,16,,,4993.5,0.0,-5.5,-0.0011002200440087817,1.5
-2,35500,TOMATOES,4992,9,4991,23,,,4998,6,5006,9,5007.0,23.0,4995.0,0.0,1.5,0.00030039050765995334,-1.5
-1,35500,TOMATOES,4987,7,4985,18,,,5000,7,5001,18,,,4993.5,0.0,-1.5,-0.0003003003003002602,5.5
-2,35600,TOMATOES,4992,10,4991,16,,,5006,10,5007,16,,,4999.0,0.0,5.5,0.001101431861419755,-5.5
-1,35600,TOMATOES,4987,8,4986,21,,,5000,8,5002,21,,,4993.5,0.0,-5.5,-0.0011002200440087817,6.0
-2,35700,TOMATOES,4993,7,4991,22,,,5006,7,5007,22,,,4999.5,0.0,6.0,0.0012015620306398134,-6.0
-1,35700,TOMATOES,4987,6,4985,15,,,5000,6,5001,15,,,4993.5,0.0,-6.0,-0.0012001200120012046,6.0
-2,35800,TOMATOES,4993,8,4992,17,,,5006,8,5008,17,,,4999.5,0.0,6.0,0.0012015620306398134,-6.5
-1,35800,TOMATOES,4986,9,4985,21,,,5000,9,5001,21,,,4993.0,0.0,-6.5,-0.0013001300130013327,6.0
-2,35900,TOMATOES,4992,9,4991,22,,,5006,9,5007,22,,,4999.0,0.0,6.0,0.0012016823552973843,-5.5
-1,35900,TOMATOES,4987,10,4986,25,,,5000,10,5002,25,,,4993.5,0.0,-5.5,-0.0011002200440087817,5.5
-2,36000,TOMATOES,4992,9,4991,19,,,5006,9,5007,19,,,4999.0,0.0,5.5,0.001101431861419755,-6.0
-1,36000,TOMATOES,4986,9,4985,24,,,5000,9,5001,24,,,4993.0,0.0,-6.0,-0.0012002400480095599,6.0
-2,36100,TOMATOES,4992,8,4991,22,,,5006,8,5007,22,,,4999.0,0.0,6.0,0.0012016823552973843,-6.0
-1,36100,TOMATOES,4986,7,4985,19,,,5000,7,5001,19,,,4993.0,0.0,-6.0,-0.0012002400480095599,5.5
-2,36200,TOMATOES,4992,9,4991,18,,,5005,9,5007,18,,,4998.5,0.0,5.5,0.0011015421590225838,-5.5
-1,36200,TOMATOES,4986,7,4985,17,,,5000,7,5001,17,,,4993.0,0.0,-5.5,-0.001100330099029656,5.5
-2,36300,TOMATOES,4992,7,4990,22,,,5005,7,5006,22,,,4998.5,0.0,5.5,0.0011015421590225838,-5.0
-1,36300,TOMATOES,4987,8,4986,24,,,5000,8,5002,24,,,4993.5,0.0,-5.0,-0.001000300090027051,5.5
-2,36400,TOMATOES,4992,6,4991,20,,,5006,6,5007,20,,,4999.0,0.0,5.5,0.001101431861419755,-6.0
-1,36400,TOMATOES,4986,6,4985,18,,,5000,6,5001,18,,,4993.0,0.0,-6.0,-0.0012002400480095599,6.0
-2,36500,TOMATOES,4992,7,4991,20,,,5006,7,5007,20,,,4999.0,0.0,6.0,0.0012016823552973843,-6.0
-1,36500,TOMATOES,4986,10,4985,25,,,5000,10,5001,25,,,4993.0,0.0,-6.0,-0.0012002400480095599,4.5
-2,36600,TOMATOES,4991,7,4990,15,,,5004,7,5006,15,,,4997.5,0.0,4.5,0.0009012617664729827,-5.5
-1,36600,TOMATOES,4985,10,4984,19,,,4999,10,5000,19,,,4992.0,0.0,-5.5,-0.0011005502751375573,-0.5
-1,36700,TOMATOES,4985,8,4984,18,,,4998,8,4999,18,,,4991.5,0.0,-0.5,-0.00010016025641024218,6.0
-2,36700,TOMATOES,4991,10,4989,25,,,5004,10,5005,25,,,4997.5,0.0,6.0,0.001202043473905734,-6.0
-1,36800,TOMATOES,4985,6,4984,25,,,4998,6,5000,25,,,4991.5,0.0,-6.0,-0.001200600300150123,9.5
-2,36800,TOMATOES,4997,3,4992,5,4991.0,16.0,5005,5,5007,16,,,5001.0,0.0,9.5,0.001903235500350542,-9.0
-1,36900,TOMATOES,4985,10,4984,19,,,4999,10,5000,19,,,4992.0,0.0,-9.0,-0.001799640071985631,6.5
-2,36900,TOMATOES,4992,6,4991,16,,,5005,6,5007,16,,,4998.5,0.0,6.5,0.0013020833333332593,-7.0
-1,37000,TOMATOES,4985,9,4984,17,,,4998,9,5000,17,,,4991.5,0.0,-7.0,-0.0014004201260378046,7.0
-2,37000,TOMATOES,4992,10,4991,20,,,5005,10,5007,20,,,4998.5,0.0,7.0,0.001402384052889838,-7.0
-1,37100,TOMATOES,4985,8,4984,22,,,4998,8,5000,22,,,4991.5,0.0,-7.0,-0.0014004201260378046,8.0
-2,37100,TOMATOES,4993,9,4991,23,,,5006,9,5007,23,,,4999.5,0.0,8.0,0.001602724631874164,-8.0
-1,37200,TOMATOES,4985,10,4984,25,,,4998,10,5000,25,,,4991.5,0.0,-8.0,-0.001600160016001606,8.0
-2,37200,TOMATOES,4993,7,4992,16,,,5006,7,5008,16,,,4999.5,0.0,8.0,0.001602724631874164,-8.0
-1,37300,TOMATOES,4985,6,4984,24,,,4998,6,5000,24,,,4991.5,0.0,-8.0,-0.001600160016001606,7.5
-2,37300,TOMATOES,4992,10,4991,17,,,5006,10,5007,17,,,4999.0,0.0,7.5,0.001502554342382112,-7.5
-1,37400,TOMATOES,4985,8,4984,18,,,4998,8,5000,18,,,4991.5,0.0,-7.5,-0.0015003000600120053,7.0
-2,37400,TOMATOES,4992,7,4991,19,,,5005,7,5007,19,,,4998.5,0.0,7.0,0.001402384052889838,-6.5
-1,37500,TOMATOES,4985,6,4984,15,,,4999,6,5000,15,,,4992.0,0.0,-6.5,-0.0013003901170350884,6.0
-2,37500,TOMATOES,4991,6,4990,23,,,5005,6,5006,23,,,4998.0,0.0,6.0,0.0012019230769231282,-6.5
-1,37600,TOMATOES,4985,5,4984,20,,,4998,5,5000,20,,,4991.5,0.0,-6.5,-0.0013005202080832445,7.0
-2,37600,TOMATOES,4992,9,4990,22,,,5005,9,5006,22,,,4998.5,0.0,7.0,0.001402384052889838,-7.0
-1,37700,TOMATOES,4985,6,4983,16,,,4998,6,4999,16,,,4991.5,0.0,-7.0,-0.0014004201260378046,6.5
-2,37700,TOMATOES,4991,8,4990,16,,,5005,8,5006,16,,,4998.0,0.0,6.5,0.001302213763397786,-7.5
-1,37800,TOMATOES,4984,6,4983,20,,,4997,6,4999,20,,,4990.5,0.0,-7.5,-0.0015006002400960172,8.0
-2,37800,TOMATOES,4992,9,4990,18,,,5005,9,5006,18,,,4998.5,0.0,8.0,0.0016030457869953274,-8.0
-1,37900,TOMATOES,4984,6,4983,22,,,4997,6,4998,22,,,4990.5,0.0,-8.0,-0.001600480144043237,7.5
-2,37900,TOMATOES,4991,5,4990,24,,,5005,5,5006,24,,,4998.0,0.0,7.5,0.0015028554253080362,-8.0
-1,38000,TOMATOES,4983,6,4982,16,,,4997,6,4998,16,,,4990.0,0.0,-8.0,-0.0016006402561024036,8.5
-2,38000,TOMATOES,4992,10,4990,21,,,5005,10,5006,21,,,4998.5,0.0,8.5,0.0017034068136272396,-9.5
-1,38100,TOMATOES,4982,8,4981,21,,,4996,8,4997,21,,,4989.0,0.0,-9.5,-0.0019005701710512746,9.5
-2,38100,TOMATOES,4992,6,4990,22,,,5005,6,5006,22,,,4998.5,0.0,9.5,0.0019041892162758867,-1.0
-2,38200,TOMATOES,4991,8,4989,17,,,5004,8,5005,17,,,4997.5,0.0,-1.0,-0.00020006001800543238,-9.0
-1,38200,TOMATOES,4982,9,4981,15,,,4995,9,4997,15,,,4988.5,0.0,-9.0,-0.0018009004502250736,9.0
-2,38300,TOMATOES,4991,6,4989,16,,,5004,6,5005,16,,,4997.5,0.0,9.0,0.001804149543951139,-9.0
-1,38300,TOMATOES,4982,7,4981,17,,,4995,7,4997,17,,,4988.5,0.0,-9.0,-0.0018009004502250736,9.5
-2,38400,TOMATOES,4991,5,4990,22,,,5005,5,5006,22,,,4998.0,0.0,9.5,0.0019043800741704864,-12.0
-1,38400,TOMATOES,4982,7,4981,18,,,4990,6,4996,7,4997.0,18.0,4986.0,0.0,-12.0,-0.0024009603841537164,12.0
-2,38500,TOMATOES,4991,6,4990,25,,,5005,6,5006,25,,,4998.0,0.0,12.0,0.002406738868832692,-10.0
-1,38500,TOMATOES,4981,9,4980,23,,,4995,9,4996,23,,,4988.0,0.0,-10.0,-0.00200080032012806,9.5
-2,38600,TOMATOES,4991,10,4990,23,,,5004,10,5006,23,,,4997.5,0.0,9.5,0.0019045709703287006,-10.0
-1,38600,TOMATOES,4981,6,4980,23,,,4994,6,4996,23,,,4987.5,0.0,-10.0,-0.002001000500250094,13.0
-2,38700,TOMATOES,4996,4,4991,5,4990.0,21.0,5005,5,5006,21,,,5000.5,0.0,13.0,0.0026065162907267236,-13.0
-1,38700,TOMATOES,4981,10,4979,15,,,4994,10,4995,15,,,4987.5,0.0,-13.0,-0.002599740025997388,13.0
-2,38800,TOMATOES,4996,6,4991,10,4990.0,19.0,5005,10,5006,19,,,5000.5,0.0,13.0,0.0026065162907267236,-13.0
-1,38800,TOMATOES,4981,9,4979,17,,,4994,9,4995,17,,,4987.5,0.0,-13.0,-0.002599740025997388,9.5
-2,38900,TOMATOES,4990,9,4989,16,,,5004,9,5005,16,,,4997.0,0.0,9.5,0.0019047619047618536,-9.5
-1,38900,TOMATOES,4981,10,4979,25,,,4994,10,4995,25,,,4987.5,0.0,-9.5,-0.0019011406844106071,10.5
-2,39000,TOMATOES,4991,6,4990,24,,,5005,6,5006,24,,,4998.0,0.0,10.5,0.002105263157894832,-11.0
-1,39000,TOMATOES,4980,10,4979,19,,,4994,10,4995,19,,,4987.0,0.0,-11.0,-0.0022008803521408327,9.5
-2,39100,TOMATOES,4990,9,4989,20,,,5003,9,5005,20,,,4996.5,0.0,9.5,0.0019049528774814917,-10.0
-1,39100,TOMATOES,4980,7,4979,22,,,4993,7,4995,22,,,4986.5,0.0,-10.0,-0.002001400980686463,9.0
-2,39200,TOMATOES,4989,6,4988,25,,,5002,6,5004,25,,,4995.5,0.0,9.0,0.0018048731575253107,-9.0
-1,39200,TOMATOES,4980,5,4979,24,,,4993,5,4995,24,,,4986.5,0.0,-9.0,-0.0018016214593133961,9.0
-2,39300,TOMATOES,4989,7,4988,17,,,5002,7,5004,17,,,4995.5,0.0,9.0,0.0018048731575253107,-10.0
-1,39300,TOMATOES,4979,6,4978,23,,,4992,6,4994,23,,,4985.5,0.0,-10.0,-0.0020018016214593537,10.0
-2,39400,TOMATOES,4989,6,4987,25,,,5002,6,5003,25,,,4995.5,0.0,10.0,0.002005816868919874,-10.5
-1,39400,TOMATOES,4978,8,4977,20,,,4992,8,4993,20,,,4985.0,0.0,-10.5,-0.002101891702532277,10.0
-2,39500,TOMATOES,4988,7,4987,18,,,5002,7,5003,18,,,4995.0,0.0,10.0,0.0020060180541625616,-10.0
-1,39500,TOMATOES,4978,5,4977,24,,,4992,5,4993,24,,,4985.0,0.0,-10.0,-0.002002002002001957,10.5
-2,39600,TOMATOES,4989,7,4988,22,,,5002,7,5004,22,,,4995.5,0.0,10.5,0.002106318956870634,-11.0
-1,39600,TOMATOES,4978,7,4977,19,,,4991,7,4993,19,,,4984.5,0.0,-11.0,-0.0022019817836052002,12.0
-2,39700,TOMATOES,4990,6,4988,18,,,5003,6,5004,18,,,4996.5,0.0,12.0,0.002407463135720711,-12.0
-1,39700,TOMATOES,4978,10,4977,17,,,4991,10,4993,17,,,4984.5,0.0,-12.0,-0.002401681176823822,12.0
-2,39800,TOMATOES,4990,9,4988,21,,,5003,9,5004,21,,,4996.5,0.0,12.0,0.002407463135720711,-12.0
-1,39800,TOMATOES,4978,5,4977,23,,,4991,5,4993,23,,,4984.5,0.0,-12.0,-0.002401681176823822,1.0
-1,39900,TOMATOES,4979,8,4977,18,,,4992,8,4993,18,,,4985.5,0.0,1.0,0.0002006219279766519,10.0
-2,39900,TOMATOES,4989,7,4988,22,,,5002,7,5004,22,,,4995.5,0.0,10.0,0.002005816868919874,-10.0
-1,40000,TOMATOES,4979,6,4977,23,,,4992,6,4993,23,,,4985.5,0.0,-10.0,-0.0020018016214593537,9.5
-2,40000,TOMATOES,4988,9,4987,19,,,5002,9,5003,19,,,4995.0,0.0,9.5,0.0019055260254738915,-11.0
-1,40100,TOMATOES,4977,7,4976,24,,,4991,7,4992,24,,,4984.0,0.0,-11.0,-0.0022022022022022414,11.0
-2,40100,TOMATOES,4988,8,4987,24,,,5002,8,5003,24,,,4995.0,0.0,11.0,0.002207062600320997,-11.0
-1,40200,TOMATOES,4977,5,4976,20,,,4991,5,4992,20,,,4984.0,0.0,-11.0,-0.0022022022022022414,10.5
-2,40200,TOMATOES,4988,6,4987,25,,,5001,6,5003,25,,,4994.5,0.0,10.5,0.00210674157303381,-10.0
-1,40300,TOMATOES,4978,5,4977,23,,,4991,5,4993,23,,,4984.5,0.0,-10.0,-0.0020022024226649116,10.5
-2,40300,TOMATOES,4988,5,4987,20,,,5002,5,5003,20,,,4995.0,0.0,10.5,0.002106530243755733,-11.0
-1,40400,TOMATOES,4977,7,4976,25,,,4991,7,4992,25,,,4984.0,0.0,-11.0,-0.0022022022022022414,11.0
-2,40400,TOMATOES,4988,7,4987,25,,,5002,7,5003,25,,,4995.0,0.0,11.0,0.002207062600320997,-11.5
-1,40500,TOMATOES,4977,6,4976,25,,,4990,6,4992,25,,,4983.5,0.0,-11.5,-0.002302302302302328,11.5
-2,40500,TOMATOES,4988,5,4987,18,,,5002,5,5003,18,,,4995.0,0.0,11.5,0.0023076151299288306,-12.0
-1,40600,TOMATOES,4976,5,4975,18,,,4990,5,4991,18,,,4983.0,0.0,-12.0,-0.002402402402402415,11.0
-2,40600,TOMATOES,4987,7,4986,21,,,5001,7,5002,21,,,4994.0,0.0,11.0,0.002207505518763808,-10.5
-1,40700,TOMATOES,4977,5,4976,22,,,4990,5,4992,22,,,4983.5,0.0,-10.5,-0.002102523027633141,10.5
-2,40700,TOMATOES,4987,9,4986,22,,,5001,9,5002,22,,,4994.0,0.0,10.5,0.0021069529447175217,-10.5
-1,40800,TOMATOES,4977,5,4975,16,,,4990,5,4991,16,,,4983.5,0.0,-10.5,-0.002102523027633141,9.0
-2,40800,TOMATOES,4986,8,4985,24,,,4999,8,5001,24,,,4992.5,0.0,9.0,0.0018059596669006694,-9.0
-1,40900,TOMATOES,4977,6,4975,25,,,4990,6,4991,25,,,4983.5,0.0,-9.0,-0.0018027040560841812,9.5
-2,40900,TOMATOES,4986,10,4985,20,,,5000,10,5001,20,,,4993.0,0.0,9.5,0.001906290759506435,0.5
-2,41000,TOMATOES,4987,7,4985,20,,,5000,7,5001,20,,,4993.5,0.0,0.5,0.00010014019627480053,-9.5
-1,41000,TOMATOES,4977,10,4976,16,,,4991,10,4992,16,,,4984.0,0.0,-9.5,-0.0019024732151797785,10.0
-2,41100,TOMATOES,4987,7,4986,23,,,5001,7,5002,23,,,4994.0,0.0,10.0,0.0020064205457464013,-9.5
-1,41100,TOMATOES,4978,8,4977,21,,,4991,8,4993,21,,,4984.5,0.0,-9.5,-0.0019022827392871644,12.0
-2,41200,TOMATOES,4992,2,4987,6,4986.0,24.0,5001,6,5002,24,,,4996.5,0.0,12.0,0.002407463135720711,-12.0
-1,41200,TOMATOES,4978,8,4976,18,,,4991,8,4992,18,,,4984.5,0.0,-12.0,-0.002401681176823822,10.0
-2,41300,TOMATOES,4988,7,4986,17,,,5001,7,5002,17,,,4994.5,0.0,10.0,0.002006219279767185,-10.0
-1,41300,TOMATOES,4978,10,4976,15,,,4991,10,4992,15,,,4984.5,0.0,-10.0,-0.0020022024226649116,10.0
-2,41400,TOMATOES,4988,5,4987,17,,,5001,5,5003,17,,,4994.5,0.0,10.0,0.002006219279767185,-13.5
-1,41400,TOMATOES,4977,6,4976,15,,,4985,4,4991,6,4992.0,15.0,4981.0,0.0,-13.5,-0.002702973270597653,3.5
-1,41500,TOMATOES,4978,5,4977,16,,,4991,5,4992,16,,,4984.5,0.0,3.5,0.0007026701465568941,7.5
-2,41500,TOMATOES,4988,6,4987,16,,,4996,6,5002,6,5003.0,16.0,4992.0,0.0,7.5,0.0015046644598255554,-8.5
-1,41600,TOMATOES,4977,5,4976,24,,,4990,5,4992,24,,,4983.5,0.0,-8.5,-0.001702724358974339,11.0
-2,41600,TOMATOES,4988,7,4987,21,,,5001,7,5003,21,,,4994.5,0.0,11.0,0.002207284037323065,-7.5
-1,41700,TOMATOES,4983,5,4977,10,4976.0,17.0,4991,10,4992,17,,,4987.0,0.0,-7.5,-0.0015016518169986837,8.5
-2,41700,TOMATOES,4989,9,4988,17,,,5002,9,5004,17,,,4995.5,0.0,8.5,0.0017044315219569839,-11.0
-1,41800,TOMATOES,4978,10,4976,17,,,4991,10,4992,17,,,4984.5,0.0,-11.0,-0.0022019817836052002,12.5
-2,41800,TOMATOES,4990,10,4989,16,,,5004,10,5005,16,,,4997.0,0.0,12.5,0.002507774099709037,-12.5
-1,41900,TOMATOES,4978,7,4976,19,,,4991,7,4992,19,,,4984.5,0.0,-12.5,-0.0025015009005403543,10.0
-2,41900,TOMATOES,4991,7,4990,25,,,4998,3,5004,7,5006.0,25.0,4994.5,0.0,10.0,0.002006219279767185,-10.5
-1,42000,TOMATOES,4977,6,4976,16,,,4991,6,4992,16,,,4984.0,0.0,-10.5,-0.0021023125437982237,13.0
-2,42000,TOMATOES,4990,10,4989,25,,,5004,10,5005,25,,,4997.0,0.0,13.0,0.0026083467094704105,0.5
-2,42100,TOMATOES,4991,9,4990,16,,,5004,9,5006,16,,,4997.5,0.0,0.5,0.00010006003602169855,-13.5
-1,42100,TOMATOES,4977,9,4976,25,,,4991,9,4992,25,,,4984.0,0.0,-13.5,-0.0027013506753377214,14.5
-2,42200,TOMATOES,4992,8,4990,22,,,5005,8,5006,22,,,4998.5,0.0,14.5,0.002909309791332193,-15.5
-1,42200,TOMATOES,4976,6,4975,19,,,4990,6,4991,19,,,4983.0,0.0,-15.5,-0.003100930279083758,-0.5
-1,42300,TOMATOES,4976,7,4975,18,,,4989,7,4991,18,,,4982.5,0.0,-0.5,-0.00010034115994383974,15.0
-2,42300,TOMATOES,4991,10,4990,17,,,5004,10,5006,17,,,4997.5,0.0,15.0,0.0030105368790767084,-15.0
-1,42400,TOMATOES,4976,7,4974,23,,,4989,7,4990,23,,,4982.5,0.0,-15.0,-0.0030015007503751967,15.0
-2,42400,TOMATOES,4991,10,4990,22,,,5004,10,5006,22,,,4997.5,0.0,15.0,0.0030105368790767084,-15.5
-1,42500,TOMATOES,4975,6,4974,23,,,4989,6,4990,23,,,4982.0,0.0,-15.5,-0.0031015507753876514,15.5
-2,42500,TOMATOES,4991,8,4989,19,,,5004,8,5005,19,,,4997.5,0.0,15.5,0.0031112003211561934,0.0
-2,42600,TOMATOES,4991,10,4989,19,,,5004,10,5005,19,,,4997.5,0.0,0.0,0.0,-16.0
-1,42600,TOMATOES,4975,7,4974,18,,,4988,7,4990,18,,,4981.5,0.0,-16.0,-0.0032016008004002172,1.0
-1,42700,TOMATOES,4976,8,4975,22,,,4989,8,4991,22,,,4982.5,0.0,1.0,0.00020074274816828108,14.5
-2,42700,TOMATOES,4990,10,4989,19,,,5004,10,5005,19,,,4997.0,0.0,14.5,0.0029101856497741885,0.0
-2,42800,TOMATOES,4990,10,4989,22,,,5004,10,5005,22,,,4997.0,0.0,0.0,0.0,-14.5
-1,42800,TOMATOES,4976,5,4974,17,,,4989,5,4990,17,,,4982.5,0.0,-14.5,-0.0029017410446268155,14.5
-2,42900,TOMATOES,4990,7,4989,25,,,5004,7,5005,25,,,4997.0,0.0,14.5,0.0029101856497741885,-14.5
-1,42900,TOMATOES,4976,5,4975,18,,,4989,5,4991,18,,,4982.5,0.0,-14.5,-0.0029017410446268155,14.5
-2,43000,TOMATOES,4990,9,4989,16,,,5004,9,5005,16,,,4997.0,0.0,14.5,0.0029101856497741885,-15.0
-1,43000,TOMATOES,4975,9,4974,21,,,4989,9,4990,21,,,4982.0,0.0,-15.0,-0.003001801080648403,15.5
-2,43100,TOMATOES,4991,9,4990,20,,,5004,9,5005,20,,,4997.5,0.0,15.5,0.0031112003211561934,-15.5
-1,43100,TOMATOES,4975,9,4974,19,,,4989,9,4990,19,,,4982.0,0.0,-15.5,-0.0031015507753876514,15.5
-2,43200,TOMATOES,4991,6,4990,20,,,5004,6,5006,20,,,4997.5,0.0,15.5,0.0031112003211561934,-15.0
-1,43200,TOMATOES,4976,10,4975,24,,,4989,10,4990,24,,,4982.5,0.0,-15.0,-0.0030015007503751967,-0.5
-1,43300,TOMATOES,4975,7,4974,20,,,4989,7,4990,20,,,4982.0,0.0,-0.5,-0.00010035122930251994,15.0
-2,43300,TOMATOES,4990,9,4989,23,,,5004,9,5005,23,,,4997.0,0.0,15.0,0.003010839020473721,-14.5
-1,43400,TOMATOES,4976,10,4975,16,,,4989,10,4990,16,,,4982.5,0.0,-14.5,-0.0029017410446268155,15.5
-2,43400,TOMATOES,4991,9,4990,22,,,5005,9,5006,22,,,4998.0,0.0,15.5,0.0031108881083792284,-11.5
-1,43500,TOMATOES,4983,8,4976,6,4975.0,15.0,4990,6,4991,15,,,4986.5,0.0,-11.5,-0.002300920368147219,11.0
-2,43500,TOMATOES,4991,10,4990,17,,,5004,10,5006,17,,,4997.5,0.0,11.0,0.0022059560814198242,-15.0
-1,43600,TOMATOES,4976,9,4975,15,,,4989,9,4991,15,,,4982.5,0.0,-15.0,-0.0030015007503751967,15.0
-2,43600,TOMATOES,4991,6,4990,21,,,5004,6,5006,21,,,4997.5,0.0,15.0,0.0030105368790767084,-15.0
-1,43700,TOMATOES,4976,6,4975,22,,,4989,6,4990,22,,,4982.5,0.0,-15.0,-0.0030015007503751967,15.0
-2,43700,TOMATOES,4991,6,4989,25,,,5004,6,5005,25,,,4997.5,0.0,15.0,0.0030105368790767084,0.5
-2,43800,TOMATOES,4991,9,4990,18,,,5005,9,5006,18,,,4998.0,0.0,0.5,0.00010005002501256577,-15.5
-1,43800,TOMATOES,4976,7,4974,15,,,4989,7,4990,15,,,4982.5,0.0,-15.5,-0.003101240496198532,-0.5
-1,43900,TOMATOES,4975,10,4974,15,,,4989,10,4990,15,,,4982.0,0.0,-0.5,-0.00010035122930251994,16.5
-2,43900,TOMATOES,4992,7,4991,15,,,5005,7,5007,15,,,4998.5,0.0,16.5,0.0033119229225211377,1.0
-2,44000,TOMATOES,4993,9,4991,21,,,5006,9,5007,21,,,4999.5,0.0,1.0,0.00020006001800543238,-17.0
-1,44000,TOMATOES,4976,7,4974,17,,,4989,7,4990,17,,,4982.5,0.0,-17.0,-0.0034003400340033574,17.5
-2,44100,TOMATOES,4993,6,4992,18,,,5007,6,5008,18,,,5000.0,0.0,17.5,0.00351229302558953,-17.5
-1,44100,TOMATOES,4976,9,4975,24,,,4989,9,4991,24,,,4982.5,0.0,-17.5,-0.0034999999999999476,1.5
-1,44200,TOMATOES,4977,8,4976,20,,,4991,8,4992,20,,,4984.0,0.0,1.5,0.00030105368790778186,15.5
-2,44200,TOMATOES,4993,9,4992,22,,,5006,9,5008,22,,,4999.5,0.0,15.5,0.003109951845907011,-15.0
-1,44300,TOMATOES,4978,9,4977,17,,,4991,9,4993,17,,,4984.5,0.0,-15.0,-0.003000300030002956,15.0
-2,44300,TOMATOES,4993,8,4991,16,,,5006,8,5007,16,,,4999.5,0.0,15.0,0.0030093289196508888,-14.5
-1,44400,TOMATOES,4978,9,4977,17,,,4992,9,4993,17,,,4985.0,0.0,-14.5,-0.0029002900290029388,15.0
-2,44400,TOMATOES,4993,9,4992,25,,,5007,9,5008,25,,,5000.0,0.0,15.0,0.0030090270812437314,0.0
-2,44500,TOMATOES,4993,8,4992,21,,,5007,8,5008,21,,,5000.0,0.0,0.0,0.0,-15.5
-1,44500,TOMATOES,4978,8,4976,21,,,4991,8,4992,21,,,4984.5,0.0,-15.5,-0.0030999999999999917,0.0
-1,44600,TOMATOES,4978,10,4977,25,,,4991,10,4993,25,,,4984.5,0.0,0.0,0.0,15.5
-2,44600,TOMATOES,4993,7,4992,20,,,5007,7,5008,20,,,5000.0,0.0,15.5,0.0031096398836392147,-0.5
-2,44700,TOMATOES,4993,7,4991,21,,,5006,7,5007,21,,,4999.5,0.0,-0.5,-9.999999999998899e-05,-15.0
-1,44700,TOMATOES,4978,6,4976,23,,,4991,6,4992,23,,,4984.5,0.0,-15.0,-0.003000300030002956,15.0
-2,44800,TOMATOES,4993,9,4992,15,,,5006,9,5008,15,,,4999.5,0.0,15.0,0.0030093289196508888,-15.0
-1,44800,TOMATOES,4978,8,4976,23,,,4991,8,4992,23,,,4984.5,0.0,-15.0,-0.003000300030002956,-1.0
-1,44900,TOMATOES,4977,6,4976,19,,,4990,6,4992,19,,,4983.5,0.0,-1.0,-0.00020062192797676293,16.5
-2,44900,TOMATOES,4993,5,4992,18,,,5007,5,5008,18,,,5000.0,0.0,16.5,0.0033109260559847087,-0.5
-2,45000,TOMATOES,4993,9,4992,24,,,5006,9,5008,24,,,4999.5,0.0,-0.5,-9.999999999998899e-05,-17.0
-1,45000,TOMATOES,4976,8,4975,18,,,4989,8,4991,18,,,4982.5,0.0,-17.0,-0.0034003400340033574,0.5
-1,45100,TOMATOES,4976,10,4975,22,,,4990,10,4991,22,,,4983.0,0.0,0.5,0.00010035122930251994,17.0
-2,45100,TOMATOES,4993,6,4992,17,,,5007,6,5008,17,,,5000.0,0.0,17.0,0.003411599438089441,-17.5
-1,45200,TOMATOES,4976,10,4975,21,,,4989,10,4991,21,,,4982.5,0.0,-17.5,-0.0034999999999999476,17.5
-2,45200,TOMATOES,4993,6,4992,22,,,5007,6,5008,22,,,5000.0,0.0,17.5,0.00351229302558953,-17.0
-1,45300,TOMATOES,4976,7,4975,15,,,4990,7,4991,15,,,4983.0,0.0,-17.0,-0.0033999999999999586,17.5
-2,45300,TOMATOES,4994,6,4992,21,,,5007,6,5008,21,,,5000.5,0.0,17.5,0.0035119405980332807,0.0
-2,45400,TOMATOES,4994,10,4993,24,,,5007,10,5009,24,,,5000.5,0.0,0.0,0.0,-18.0
-1,45400,TOMATOES,4976,6,4975,23,,,4989,6,4991,23,,,4982.5,0.0,-18.0,-0.003599640035996443,-3.0
-1,45500,TOMATOES,4976,10,4975,18,,,4983,3,4989,10,4991.0,18.0,4979.5,0.0,-3.0,-0.0006021073758153417,21.0
-2,45500,TOMATOES,4994,8,4992,21,,,5007,8,5008,21,,,5000.5,0.0,21.0,0.004217290892659875,0.5
-2,45600,TOMATOES,4994,6,4993,24,,,5008,6,5009,24,,,5001.0,0.0,0.5,9.999000099991662e-05,-15.0
-1,45600,TOMATOES,4983,7,4976,9,4975.0,15.0,4989,9,4991,15,,,4986.0,0.0,-15.0,-0.0029994001199760145,15.0
-2,45700,TOMATOES,4994,7,4993,21,,,5008,7,5009,21,,,5001.0,0.0,15.0,0.0030084235860408093,-17.5
-1,45700,TOMATOES,4977,7,4976,16,,,4990,7,4991,16,,,4983.5,0.0,-17.5,-0.003499300139972017,-0.5
-1,45800,TOMATOES,4976,6,4975,18,,,4990,6,4991,18,,,4983.0,0.0,-0.5,-0.0001003310926055434,18.5
-2,45800,TOMATOES,4995,9,4993,15,,,5008,9,5009,15,,,5001.5,0.0,18.5,0.0037126229179209602,-18.5
-1,45900,TOMATOES,4976,9,4975,17,,,4990,9,4991,17,,,4983.0,0.0,-18.5,-0.003698890332900162,18.0
-2,45900,TOMATOES,4994,9,4993,16,,,5008,9,5009,16,,,5001.0,0.0,18.0,0.0036122817579771205,-17.5
-1,46000,TOMATOES,4977,10,4975,21,,,4990,10,4991,21,,,4983.5,0.0,-17.5,-0.003499300139972017,18.0
-2,46000,TOMATOES,4995,8,4993,15,,,5008,8,5009,15,,,5001.5,0.0,18.0,0.003611919333801561,-18.5
-1,46100,TOMATOES,4976,5,4975,22,,,4990,5,4991,22,,,4983.0,0.0,-18.5,-0.003698890332900162,18.5
-2,46100,TOMATOES,4995,5,4994,23,,,5008,5,5010,23,,,5001.5,0.0,18.5,0.0037126229179209602,-19.0
-1,46200,TOMATOES,4976,7,4975,19,,,4989,7,4991,19,,,4982.5,0.0,-19.0,-0.00379886034189747,21.0
-2,46200,TOMATOES,4999,3,4994,5,4993.0,22.0,5008,5,5009,22,,,5003.5,0.0,21.0,0.004214751630707392,-2.5
-2,46300,TOMATOES,4994,10,4993,21,,,5008,10,5009,21,,,5001.0,0.0,-2.5,-0.0004996502448285645,-18.0
-1,46300,TOMATOES,4976,8,4975,22,,,4990,8,4991,22,,,4983.0,0.0,-18.0,-0.003599280143971151,18.0
-2,46400,TOMATOES,4994,5,4993,19,,,5008,5,5009,19,,,5001.0,0.0,18.0,0.0036122817579771205,-18.0
-1,46400,TOMATOES,4976,5,4975,18,,,4990,5,4991,18,,,4983.0,0.0,-18.0,-0.003599280143971151,19.0
-2,46500,TOMATOES,4995,6,4994,21,,,5009,6,5010,21,,,5002.0,0.0,19.0,0.0038129640778648,-16.0
-1,46500,TOMATOES,4982,6,4977,5,4975.0,23.0,4990,5,4991,23,,,4986.0,0.0,-16.0,-0.003198720511795261,16.0
-2,46600,TOMATOES,4995,9,4994,21,,,5009,9,5010,21,,,5002.0,0.0,16.0,0.003208985158443589,-23.0
-1,46600,TOMATOES,4976,6,4975,17,,,4982,9,4990,6,4991.0,17.0,4979.0,0.0,-23.0,-0.004598160735705736,23.0
-2,46700,TOMATOES,4995,10,4994,19,,,5009,10,5010,19,,,5002.0,0.0,23.0,0.004619401486242181,-19.5
-1,46700,TOMATOES,4976,9,4975,17,,,4989,9,4991,17,,,4982.5,0.0,-19.5,-0.0038984406237505542,16.0
-2,46800,TOMATOES,4995,5,4994,25,,,5002,5,5008,5,5010.0,25.0,4998.5,0.0,16.0,0.0032112393376819703,-15.0
-1,46800,TOMATOES,4977,8,4976,18,,,4990,8,4992,18,,,4983.5,0.0,-15.0,-0.0030009002700810417,18.0
-2,46900,TOMATOES,4995,6,4994,25,,,5008,6,5010,25,,,5001.5,0.0,18.0,0.003611919333801561,-17.5
-1,46900,TOMATOES,4977,7,4976,20,,,4991,7,4992,20,,,4984.0,0.0,-17.5,-0.0034989503149055468,0.0
-1,47000,TOMATOES,4977,7,4976,15,,,4991,7,4992,15,,,4984.0,0.0,0.0,0.0,17.5
-2,47000,TOMATOES,4995,6,4994,22,,,5008,6,5010,22,,,5001.5,0.0,17.5,0.0035112359550562022,-18.0
-1,47100,TOMATOES,4977,8,4975,15,,,4990,8,4991,15,,,4983.5,0.0,-18.0,-0.0035989203239028544,19.0
-2,47100,TOMATOES,4996,8,4995,20,,,5009,8,5011,20,,,5002.5,0.0,19.0,0.0038125815190126477,3.0
-2,47200,TOMATOES,5001,5,4996,9,4995.0,18.0,5010,9,5011,18,,,5005.5,0.0,3.0,0.0005997001499249421,-21.5
-1,47200,TOMATOES,4977,9,4976,23,,,4991,9,4992,23,,,4984.0,0.0,-21.5,-0.0042952751972830105,-0.5
-1,47300,TOMATOES,4977,9,4976,22,,,4990,9,4992,22,,,4983.5,0.0,-0.5,-0.00010032102728729786,20.0
-2,47300,TOMATOES,4997,5,4996,25,,,5010,5,5012,25,,,5003.5,0.0,20.0,0.004013243704223957,0.5
-2,47400,TOMATOES,4997,10,4996,21,,,5011,10,5012,21,,,5004.0,0.0,0.5,9.993004896569069e-05,-20.0
-1,47400,TOMATOES,4977,10,4976,18,,,4991,10,4992,18,,,4984.0,0.0,-20.0,-0.003996802557953649,-0.5
-1,47500,TOMATOES,4977,5,4976,25,,,4990,5,4991,25,,,4983.5,0.0,-0.5,-0.00010032102728729786,21.0
-2,47500,TOMATOES,4998,6,4996,25,,,5011,6,5012,25,,,5004.5,0.0,21.0,0.004213905889435043,-21.0
-1,47600,TOMATOES,4977,6,4976,20,,,4990,6,4992,20,,,4983.5,0.0,-21.0,-0.00419622339894099,20.0
-2,47600,TOMATOES,4997,8,4996,23,,,5010,8,5012,23,,,5003.5,0.0,20.0,0.004013243704223957,0.5
-2,47700,TOMATOES,4997,8,4996,23,,,5011,8,5012,23,,,5004.0,0.0,0.5,9.993004896569069e-05,-20.0
-1,47700,TOMATOES,4977,10,4976,22,,,4991,10,4992,22,,,4984.0,0.0,-20.0,-0.003996802557953649,20.0
-2,47800,TOMATOES,4997,5,4996,15,,,5011,5,5012,15,,,5004.0,0.0,20.0,0.0040128410914928025,-19.5
-1,47800,TOMATOES,4978,10,4977,21,,,4991,10,4992,21,,,4984.5,0.0,-19.5,-0.003896882494004772,0.0
-1,47900,TOMATOES,4978,5,4976,22,,,4991,5,4992,22,,,4984.5,0.0,0.0,0.0,19.0
-2,47900,TOMATOES,4997,8,4996,19,,,5010,8,5012,19,,,5003.5,0.0,19.0,0.0038118166315577184,-19.0
-1,48000,TOMATOES,4978,6,4976,20,,,4991,6,4992,20,,,4984.5,0.0,-19.0,-0.0037973418606974674,19.0
-2,48000,TOMATOES,4997,6,4995,18,,,5010,6,5011,18,,,5003.5,0.0,19.0,0.0038118166315577184,-1.0
-2,48100,TOMATOES,4996,10,4995,24,,,5009,10,5011,24,,,5002.5,0.0,-1.0,-0.0001998600979314924,-18.0
-1,48100,TOMATOES,4978,7,4976,25,,,4991,7,4992,25,,,4984.5,0.0,-18.0,-0.003598200899550208,18.0
-2,48200,TOMATOES,4996,7,4994,20,,,5009,7,5010,20,,,5002.5,0.0,18.0,0.0036111947035810665,-18.0
-1,48200,TOMATOES,4978,6,4977,18,,,4991,6,4992,18,,,4984.5,0.0,-18.0,-0.003598200899550208,-2.0
-1,48300,TOMATOES,4979,7,4977,20,,,4986,5,4992,7,4993.0,20.0,4982.5,0.0,-2.0,-0.00040124385595341483,20.5
-2,48300,TOMATOES,4996,9,4995,16,,,5010,9,5011,16,,,5003.0,0.0,20.5,0.004114400401404872,-0.5
-2,48400,TOMATOES,4996,7,4995,24,,,5009,7,5011,24,,,5002.5,0.0,-0.5,-9.994003597846302e-05,-17.5
-1,48400,TOMATOES,4978,10,4977,17,,,4992,10,4993,17,,,4985.0,0.0,-17.5,-0.0034982508745626806,18.0
-2,48500,TOMATOES,4996,6,4995,23,,,5010,6,5011,23,,,5003.0,0.0,18.0,0.003610832497492389,-17.0
-1,48500,TOMATOES,4979,9,4978,25,,,4993,9,4994,25,,,4986.0,0.0,-17.0,-0.003397961223266077,17.0
-2,48600,TOMATOES,4996,6,4995,25,,,5010,6,5011,25,,,5003.0,0.0,17.0,0.003409546730846369,-15.5
-1,48600,TOMATOES,4981,7,4979,19,,,4994,7,4995,19,,,4987.5,0.0,-15.5,-0.003098141115330799,0.5
-1,48700,TOMATOES,4981,8,4980,16,,,4995,8,4996,16,,,4988.0,0.0,0.5,0.00010025062656637829,14.5
-2,48700,TOMATOES,4996,10,4995,20,,,5009,10,5011,20,,,5002.5,0.0,14.5,0.0029069767441860517,-14.0
-1,48800,TOMATOES,4982,9,4981,24,,,4995,9,4997,24,,,4988.5,0.0,-14.0,-0.002798600699650211,13.5
-2,48800,TOMATOES,4995,7,4994,22,,,5009,7,5010,22,,,5002.0,0.0,13.5,0.0027062243159265975,-13.0
-1,48900,TOMATOES,4982,9,4981,19,,,4996,9,4997,19,,,4989.0,0.0,-13.0,-0.002598960415833629,13.5
-2,48900,TOMATOES,4996,10,4995,17,,,5009,10,5011,17,,,5002.5,0.0,13.5,0.0027059530968129852,-13.5
-1,49000,TOMATOES,4982,8,4981,19,,,4996,8,4997,19,,,4989.0,0.0,-13.5,-0.0026986506746626837,14.0
-2,49000,TOMATOES,4996,7,4995,25,,,5010,7,5011,25,,,5003.0,0.0,14.0,0.002806173581880067,0.5
-2,49100,TOMATOES,4997,10,4995,18,,,5010,10,5011,18,,,5003.5,0.0,0.5,9.994003597846302e-05,-14.0
-1,49100,TOMATOES,4983,8,4982,19,,,4996,8,4998,19,,,4989.5,0.0,-14.0,-0.0027980413710402274,14.0
-2,49200,TOMATOES,4997,8,4995,17,,,5010,8,5011,17,,,5003.5,0.0,14.0,0.002805892373985319,-14.0
-1,49200,TOMATOES,4983,9,4981,21,,,4996,9,4997,21,,,4989.5,0.0,-14.0,-0.0027980413710402274,0.0
-1,49300,TOMATOES,4983,6,4982,22,,,4996,6,4997,22,,,4989.5,0.0,0.0,0.0,14.5
-2,49300,TOMATOES,4997,5,4996,21,,,5011,5,5012,21,,,5004.0,0.0,14.5,0.002906102815913414,-15.0
-1,49400,TOMATOES,4982,6,4981,23,,,4996,6,4997,23,,,4989.0,0.0,-15.0,-0.002997601918465209,14.0
-2,49400,TOMATOES,4996,8,4995,22,,,5010,8,5011,22,,,5003.0,0.0,14.0,0.002806173581880067,0.5
-2,49500,TOMATOES,4997,9,4996,15,,,5010,9,5012,15,,,5003.5,0.0,0.5,9.994003597846302e-05,-15.5
-1,49500,TOMATOES,4981,10,4980,23,,,4995,10,4996,23,,,4988.0,0.0,-15.5,-0.0030978315179374105,0.5
-1,49600,TOMATOES,4982,9,4980,19,,,4995,9,4996,19,,,4988.5,0.0,0.5,0.00010024057738577952,15.5
-2,49600,TOMATOES,4997,10,4996,15,,,5011,10,5012,15,,,5004.0,0.0,15.5,0.003107146436804653,-15.0
-1,49700,TOMATOES,4982,8,4981,23,,,4996,8,4997,23,,,4989.0,0.0,-15.0,-0.002997601918465209,14.5
-2,49700,TOMATOES,4997,9,4996,25,,,5010,9,5012,25,,,5003.5,0.0,14.5,0.002906394066947371,-13.5
-1,49800,TOMATOES,4983,5,4982,15,,,4997,5,4998,15,,,4990.0,0.0,-13.5,-0.0026981113220745367,14.0
-2,49800,TOMATOES,4997,5,4996,24,,,5011,5,5012,24,,,5004.0,0.0,14.0,0.002805611222444826,0.0
-2,49900,TOMATOES,4997,9,4996,18,,,5011,9,5012,18,,,5004.0,0.0,0.0,0.0,-14.5
-1,49900,TOMATOES,4983,6,4981,24,,,4996,6,4997,24,,,4989.5,0.0,-14.5,-0.002897681854516332,-1.0
-1,50000,TOMATOES,4982,6,4981,15,,,4995,6,4997,15,,,4988.5,0.0,-1.0,-0.00020042088385607837,16.0
-2,50000,TOMATOES,4998,8,4997,18,,,5011,8,5013,18,,,5004.5,0.0,16.0,0.0032073769670242225,-16.0
-1,50100,TOMATOES,4982,10,4980,24,,,4995,10,4996,24,,,4988.5,0.0,-16.0,-0.00319712258966931,16.0
-2,50100,TOMATOES,4998,7,4997,24,,,5011,7,5013,24,,,5004.5,0.0,16.0,0.0032073769670242225,-17.0
-1,50200,TOMATOES,4981,10,4980,23,,,4994,10,4996,23,,,4987.5,0.0,-17.0,-0.0033969427515235795,17.5
-2,50200,TOMATOES,4998,5,4997,16,,,5012,5,5013,16,,,5005.0,0.0,17.5,0.0035087719298245723,1.0
-2,50300,TOMATOES,5002,2,4997,10,4996.0,24.0,5010,10,5012,24,,,5006.0,0.0,1.0,0.00019980019980025965,-19.0
-1,50300,TOMATOES,4980,5,4979,16,,,4994,5,4995,16,,,4987.0,0.0,-19.0,-0.003795445465441416,17.0
-2,50400,TOMATOES,4997,8,4996,19,,,5011,8,5012,19,,,5004.0,0.0,17.0,0.00340886304391419,-20.5
-1,50400,TOMATOES,4980,6,4979,20,,,4987,2,4994,6,4995.0,20.0,4983.5,0.0,-20.5,-0.0040967226219025266,3.0
-1,50500,TOMATOES,4980,8,4978,24,,,4993,8,4994,24,,,4986.5,0.0,3.0,0.0006019865556334825,17.5
-2,50500,TOMATOES,4997,5,4996,19,,,5011,5,5012,19,,,5004.0,0.0,17.5,0.003509475584076993,-18.5
-1,50600,TOMATOES,4979,9,4978,15,,,4992,9,4993,15,,,4985.5,0.0,-18.5,-0.0036970423661071283,18.5
-2,50600,TOMATOES,4997,8,4996,25,,,5011,8,5012,25,,,5004.0,0.0,18.5,0.0037107612075018004,0.0
-2,50700,TOMATOES,4997,7,4996,21,,,5011,7,5012,21,,,5004.0,0.0,0.0,0.0,-18.0
-1,50700,TOMATOES,4979,5,4978,22,,,4993,5,4994,22,,,4986.0,0.0,-18.0,-0.003597122302158251,18.5
-2,50800,TOMATOES,4998,7,4996,25,,,5011,7,5012,25,,,5004.5,0.0,18.5,0.0037103890894505387,-18.5
-1,50800,TOMATOES,4979,10,4978,18,,,4993,10,4994,18,,,4986.0,0.0,-18.5,-0.0036966729943050947,19.0
-2,50900,TOMATOES,4998,9,4997,20,,,5012,9,5013,20,,,5005.0,0.0,19.0,0.0038106698756519286,-18.5
-1,50900,TOMATOES,4980,8,4978,23,,,4993,8,4994,23,,,4986.5,0.0,-18.5,-0.0036963036963036933,18.5
-2,51000,TOMATOES,4998,7,4997,16,,,5012,7,5013,16,,,5005.0,0.0,18.5,0.00371001704602425,-18.0
-1,51000,TOMATOES,4980,10,4979,23,,,4994,10,4995,23,,,4987.0,0.0,-18.0,-0.0035964035964035634,0.0
-1,51100,TOMATOES,4980,5,4979,19,,,4994,5,4995,19,,,4987.0,0.0,0.0,0.0,18.0
-2,51100,TOMATOES,4998,8,4997,22,,,5012,8,5013,22,,,5005.0,0.0,18.0,0.0036093843994384756,0.0
-2,51200,TOMATOES,4998,9,4997,19,,,5012,9,5013,19,,,5005.0,0.0,0.0,0.0,-18.5
-1,51200,TOMATOES,4980,8,4978,19,,,4993,8,4994,19,,,4986.5,0.0,-18.5,-0.0036963036963036933,19.0
-2,51300,TOMATOES,4999,7,4997,25,,,5012,7,5013,25,,,5005.5,0.0,19.0,0.0038102877769978782,-18.5
-1,51300,TOMATOES,4980,5,4979,20,,,4994,5,4995,20,,,4987.0,0.0,-18.5,-0.0036959344720807197,0.0
-1,51400,TOMATOES,4980,9,4979,22,,,4994,9,4995,22,,,4987.0,0.0,0.0,0.0,18.0
-2,51400,TOMATOES,4998,5,4997,16,,,5012,5,5013,16,,,5005.0,0.0,18.0,0.0036093843994384756,0.0
-2,51500,TOMATOES,4998,8,4997,18,,,5012,8,5013,18,,,5005.0,0.0,0.0,0.0,-17.0
-1,51500,TOMATOES,4981,10,4980,17,,,4995,10,4996,17,,,4988.0,0.0,-17.0,-0.003396603396603415,18.0
-2,51600,TOMATOES,4999,7,4998,17,,,5013,7,5014,17,,,5006.0,0.0,18.0,0.003608660785886064,-16.0
-1,51600,TOMATOES,4986,5,4981,10,4979.0,17.0,4994,10,4995,17,,,4990.0,0.0,-16.0,-0.0031961646024770696,15.0
-2,51700,TOMATOES,4998,7,4997,24,,,5012,7,5013,24,,,5005.0,0.0,15.0,0.0030060120240480437,-17.5
-1,51700,TOMATOES,4981,8,4979,20,,,4994,8,4995,20,,,4987.5,0.0,-17.5,-0.0034965034965035446,17.5
-2,51800,TOMATOES,4998,6,4997,21,,,5012,6,5013,21,,,5005.0,0.0,17.5,0.0035087719298245723,-17.5
-1,51800,TOMATOES,4981,7,4979,15,,,4994,7,4995,15,,,4987.5,0.0,-17.5,-0.0034965034965035446,-0.5
-1,51900,TOMATOES,4980,6,4979,15,,,4994,6,4995,15,,,4987.0,0.0,-0.5,-0.00010025062656637829,17.0
-2,51900,TOMATOES,4997,9,4996,22,,,5011,9,5012,22,,,5004.0,0.0,17.0,0.00340886304391419,0.0
-2,52000,TOMATOES,4997,10,4996,18,,,5011,10,5012,18,,,5004.0,0.0,0.0,0.0,-16.5
-1,52000,TOMATOES,4981,7,4980,17,,,4994,7,4996,17,,,4987.5,0.0,-16.5,-0.00329736211031173,16.0
-2,52100,TOMATOES,4997,7,4995,17,,,5010,7,5011,17,,,5003.5,0.0,16.0,0.0032080200501252154,-16.5
-1,52100,TOMATOES,4980,6,4979,25,,,4994,6,4995,25,,,4987.0,0.0,-16.5,-0.003297691615868903,-0.5
-1,52200,TOMATOES,4980,5,4979,21,,,4993,5,4995,21,,,4986.5,0.0,-0.5,-0.00010026067776214287,17.0
-2,52200,TOMATOES,4997,10,4995,24,,,5010,10,5011,24,,,5003.5,0.0,17.0,0.0034092048531033647,-17.0
-1,52300,TOMATOES,4980,7,4979,24,,,4993,7,4995,24,,,4986.5,0.0,-17.0,-0.0033976216648345936,19.5
-2,52300,TOMATOES,5002,4,4996,9,4995.0,20.0,5010,9,5011,20,,,5006.0,0.0,19.5,0.003910558507971507,-3.0
-2,52400,TOMATOES,4996,8,4995,15,,,5010,8,5011,15,,,5003.0,0.0,-3.0,-0.0005992808629644575,-16.5
-1,52400,TOMATOES,4980,7,4978,20,,,4993,7,4994,20,,,4986.5,0.0,-16.5,-0.003298021187287614,16.5
-2,52500,TOMATOES,4996,5,4995,18,,,5010,5,5011,18,,,5003.0,0.0,16.5,0.0033089341221297364,-17.0
-1,52500,TOMATOES,4979,5,4978,19,,,4993,5,4994,19,,,4986.0,0.0,-17.0,-0.003397961223266077,16.5
-2,52600,TOMATOES,4996,9,4995,20,,,5009,9,5011,20,,,5002.5,0.0,16.5,0.003309265944644979,-19.0
